3688 5825
1610 314 1691 374 61

155 519 515 587 commoda
582 518 1001 605 singulorum
1061 520 1312 586 intenta
1359 519 1783 586 solicitudine
1842 518 2223 605 vigilemuS,
2270 520 2495 585 tamen
2543 536 2701 603 erga
2748 517 2915 597 illas,
2973 535 3144 602 quas

155 630 381 693 nostre
424 626 835 712 provisionis
871 626 1227 712 vigilancia
1261 626 1478 712 magis
1528 625 1826 711 indigere
1858 625 2334 712 conspicimuS‚
2383 624 2664 691 libenter
2694 624 3143 691 convertimus

152 732 726 800 consideracionis
775 733 984 799 aciem
1034 732 1279 799 mentis
1351 736 1596 800 nostre.
1692 731 1870 799 Sane
1933 731 2016 798 ad
2080 732 2289 798 nostri
2356 731 2774 816 apostolatus
2825 730 3142 796 noticiam

152 841 434 926 perlato,
508 839 691 925 quod
763 840 1042 906 ecclesia
1115 840 1396 925 lporien.
1471 840 1537 906 in
1595 838 2056 906 Mediolanen.
2116 838 2394 905 ecclesia
2464 838 2821 904 constituta
2900 836 3142 903 multas

150 947 643 1032 oppressiones
716 949 779 1012 et
839 947 1017 1012 varia
1094 945 1527 1014 incommoda
1604 946 1873 1013 incurrit
1948 946 2269 1012 hactenus
2346 948 2617 1030 propter
2693 943 3140 1028 malignorum

149 1054 464 1120 incursus
536 1056 601 1119 et
663 1053 996 1120 similibus
1058 1053 1412 1139 exponitur
1457 1054 1886 1132 incessanter,
1935 1072 1973 1119 a
2022 1052 2269 1137 quibus
2318 1069 2455 1118 non
2506 1052 2747 1138 poterit
2815 1049 2899 1116 de
2968 1049 3141 1116 facili

149 1160 453 1239 relevari,
504 1160 634 1227 nisi
706 1160 925 1226 eidem
999 1178 1116 1246 per
1176 1163 1508 1246 oportune
1572 1160 1981 1247 provisionis
2044 1157 2411 1225 remedium
2476 1161 2903 1225 succurratur.
2997 1155 3142 1222 Nos

149 1268 465 1334 volentes
559 1266 778 1334 eidem
874 1271 1146 1354 paterna
1225 1267 1602 1353 diligencia,
1662 1271 1987 1353 quantum
2082 1267 2282 1333 nobis
2360 1285 2440 1332 ex
2516 1266 2649 1332 alto
2729 1264 3142 1350 permittitur,

151 1373 532 1459 providere,
628 1373 944 1460 prefatam
1031 1375 1378 1442 ecclesiam
1474 1379 1538 1441 et
1615 1375 2071 1462 provisionem
2169 1372 2470 1440 eiusdem
2566 1371 2935 1439 secundum
3030 1389 3145 1438 cor

153 1485 463 1547 nostrum
538 1480 620 1548 de
693 1484 957 1567 pastore
1005 1481 1276 1568 ydoneo
1362 1481 1758 1558 faciendam,
1839 1482 1896 1547 si
1974 1484 2163 1548 vacat
2241 1479 2324 1546 ad
2404 1498 2678 1565 presens
2755 1479 2858 1545 vel
2939 1497 3140 1564 quam

152 1590 448 1674 primum
545 1606 690 1655 eam
784 1607 1016 1656 vacare
1093 1590 1463 1674 contigerit,
1542 1589 1984 1675 disposicioni
2064 1590 2289 1654 nostre
2369 1589 2434 1652 et
2513 1585 2693 1652 sedis
2771 1585 3141 1671 apostolice

151 1695 549 1762 auctoritate
590 1696 960 1781 apostolica
999 1714 1433 1775 reservamuS,
1475 1697 1596 1763 hac
1634 1698 1776 1763 vice
1816 1695 2250 1763 decernentes
2285 1712 2366 1760 ex
2406 1711 2583 1759 nunc
2609 1693 2857 1759 irritum
2886 1696 3007 1768 etc.
3037 1744 3051 1758 .
3082 1744 3094 1758 .
3126 1744 3139 1758 .

149 1803 558 1888 attemptari.
650 1801 807 1870 Non
857 1803 1286 1870 obstantibus
1336 1854 1349 1866 .
1404 1853 1417 1868 .
1470 1854 1482 1866 .
1535 1802 1864 1888 impediri.
1958 1801 2113 1868 Nuli
2164 1818 2325 1886 ergo
2372 1804 2492 1867 etc.

362 1925 617 1992 Datum
666 1925 1000 1994 Avinione
1046 1927 1122 1993 V.
1175 1926 1325 1993 idus
1375 1926 1788 2012 Septembris
1836 1944 1893 1992 a.
1945 1929 2155 1992 sexto.

154 2444 289 2499 1322
329 2443 463 2499 Jum
501 2442 587 2498 30.

152 2531 290 2587 eod.
331 2531 398 2586 B.
438 2531 532 2586 fol.
570 2532 706 2599 68.1)

153 2728 604 2814 Reservacio
680 2733 753 2807 in
830 2728 1326 2808 patriarchatu
1391 2727 1835 2833 Aquilegen.
1909 2753 1994 2808 ac
2057 2728 2568 2808 Mediolanen.
2637 2726 3138 2812 Ravennaten.

1039 2872 1353 2951 Januen.
1415 2876 1487 2951 et
1541 2871 1785 2952 Pisan.
1849 2877 2273 2976 provinciis

1051 3050 1174 3131 Ad
1229 3052 1549 3130 futuram
1610 3057 1709 3130 rei
1768 3056 2234 3132 memoriam.

364 3195 449 3260 ln
532 3194 1022 3280 apostolice
1119 3193 1727 3260 solicitudinis
1809 3194 2160 3280 specula
2246 3212 2446 3279 super
2538 3194 2883 3259 universas
2960 3192 3141 3258 orbis

150 3302 480 3369 ecclesias
527 3300 751 3367 divina
814 3299 1241 3386 providencia
1305 3302 1612 3386 quamvis
1684 3301 1992 3367 immeriti
2041 3301 2404 3374 constituti,
2475 3300 2558 3367 ad
2616 3300 2744 3366 hoc
2791 3297 3141 3365 desideriis

152 3408 492 3494 promptis
554 3406 964 3474 intendimus
1027 3411 1090 3474 et
1152 3408 1560 3474 ferventibus
1609 3408 1851 3475 studiis
1899 3409 2301 3487 laboramus,
2352 3412 2421 3474 ut
2469 3407 2748 3475 ecclesie
2798 3409 3138 3492 pastorum

151 3514 601 3601 regiminibus
674 3513 987 3580 destitute
1081 3533 1218 3581 non
1291 3518 1559 3600 pateant
1650 3533 2128 3600 oppressorum
2202 3515 2597 3593 incursibuS,
2679 3517 2748 3580 ut
2820 3514 2886 3579 in
2965 3512 3140 3578 ovile

150 3622 574 3689 dominicum
652 3639 769 3707 per
846 3622 1358 3707 impressionem
1450 3621 1765 3688 nefariam
1862 3624 1925 3688 et
2004 3639 2348 3707 procacem
2444 3620 2822 3706 potenciam
2918 3619 3141 3685 minus

149 3729 526 3795 canonicus
574 3729 894 3795 habeatur
936 3729 1302 3814 ingressus.
1398 3726 1583 3801 Statu
1620 3729 1818 3814 igitur
1852 3729 2403 3814 patriarchalium,
2453 3725 3140 3812 archiepiscopalium,

150 3835 669 3922 episcopalium,
748 3836 1163 3920 aliarumque
1252 3835 1749 3920 collegiatarum
1830 3835 2255 3902 ecclesiarum
2336 3853 2597 3901 necnon
2692 3834 3139 3910 abbaciarum,

153 3942 741 4021 monasteriorum,
792 3942 1201 4027 prioratuum
1251 3946 1317 4008 et
1363 3941 1644 4007 aliorum
1696 3943 1992 4008 locorum
2043 3942 2639 4009 ecclesiasticorum
2692 3940 3141 4026 quorumlibet

150 4048 557 4115 secularium
629 4051 694 4114 et
764 4048 1187 4133 regularium,
1258 4051 1718 4133 exemptorum
1791 4052 1857 4114 et
1927 4067 2063 4115 non
2135 4052 2618 4134 exemptorum‚
2690 4047 2774 4115 ad
2856 4065 3139 4132 quorum

152 4155 489 4241 regimina
590 4173 706 4240 per
805 4155 1201 4222 electionem
1281 4155 1510 4240 prelati
1603 4159 2096 4222 consueverunt
2174 4157 2447 4234 assumi,
2542 4155 2609 4221 in
2704 4154 3140 4241 patriarchatu

149 4261 556 4348 Aquilegen.
645 4280 906 4328 necnon
1007 4260 1462 4328 Mediolanen.
1544 4261 1906 4334 Ravennat.
1984 4262 2245 4329 Januen
2324 4266 2388 4327 et
2462 4261 2684 4327 Pisan.
2780 4261 3140 4346 provinciis

150 4368 702 4445 consistencium,
777 4386 944 4453 quas
1015 4372 1079 4434 et
1142 4386 1271 4453 que
1329 4368 1706 4453 frequenter
1775 4373 1971 4454 prout
2041 4369 2457 4455 experiencia
2528 4367 2754 4434 docuit
2802 4368 3139 4434 rectroacti

152 4479 218 4541 et
295 4476 648 4559 hucusque
717 4474 1100 4540 continuata
1173 4475 1430 4541 malicia
1501 4477 1820 4560 temporis
1894 4476 1959 4541 in
2045 4494 2269 4542 earum
2355 4475 2856 4560 provisionibus
2940 4474 3141 4540 variis

150 4580 727 4667 discriminibus2)
800 4582 1094 4647 noscitur
1154 4582 1542 4660 subiecisse,
1605 4585 1829 4648 nostre
1893 4583 2138 4648 mentis
2195 4583 2542 4649 obtutibus
2613 4583 2994 4648 occurrente
3066 4599 3141 4646 ac

151 4690 510 4774 propterea
560 4687 891 4754 similibus
954 4688 1020 4752 in
1087 4691 1428 4772 posterum
1507 4688 1778 4754 obviare
1860 4689 2191 4774 periculiS,
2263 4688 2480 4755 donec
2548 4688 2900 4773 facientess)
2969 4685 3137 4774 [sici]

149 4795 439 4862 domino
490 4794 749 4860 sublata
799 4794 1086 4879 procella
1136 4794 1458 4879 temporis
1509 4794 1817 4880 impacati
1882 4797 2018 4881 et4)
2069 4795 2322 4862 eisdem
2372 4796 2670 4861 ecclesiis
2719 4798 2784 4860 et
2832 4795 3141 4879 personis

149 4919 383 4968 earum
421 4901 616 4985 plena
660 4901 824 4966 etin
874 4899 1190 4985 eligendo
1240 4901 1557 4967 securitas
1593 4901 2016 4980 ministretur,
2061 4902 2337 4968 solicitis
2372 4901 2718 4968 affectibus
2770 4901 3138 4986 cupientes,

150 5007 583 5093 provisiones
615 5006 919 5072 omnium
956 5006 1508 5091 patriarchalium,
1543 5007 2231 5094 archiepiscopalium,
2260 5008 2745 5093 episcopalium
2773 5011 2837 5073 et
2863 5007 3137 5074 aliarum

149 5112 608 5199 quarumlibet
705 5113 1129 5179 ecclesiarum
1208 5113 1706 5198 collegiatarum
1785 5116 2178 5181 secularium
2253 5119 2317 5181 et
2405 5113 2802 5200 regularium
2876 5132 3137 5180 necnon

149 5218 605 5298 abbaciarum,
670 5220 1247 5299 monasteriorum,
1311 5220 1717 5304 prioratuum
1769 5224 1832 5287 et
1902 5221 2181 5288 aliorum
2250 5238 2804 5307 quorumcunque
2875 5221 3135 5306 piorum

154 5328 461 5394 locorum
512 5330 992 5411 exemptorum‚
1055 5329 1117 5392 et
1165 5345 1302 5393 non
1365 5330 1847 5413 exemptorum‚
1894 5329 2414 5395 consistencium
2464 5329 2530 5394 in
2579 5328 3018 5413 patriarchatu
3069 5330 3133 5393 et
