3688 5825
1697 291 1729 347 7

435 495 540 561 De
592 495 858 580 Legatis
922 513 959 560 a
1022 495 1221 561 latere
1284 498 1483 560 restat
1559 499 1812 561 tantum
1879 495 2258 574 dicendum,
2338 497 2487 562 illos
2548 501 2930 583 tempore
3003 516 3204 564 suae

220 602 706 688 legationis
754 620 833 667 ex
881 601 1329 687 dispositione
1365 602 1523 668 iuris
1557 603 1936 669 communis
1971 603 2274 688 potuisse
2307 622 2635 670 reservare
2671 623 2831 670 suae
2864 604 3203 670 collationi

221 709 550 775 beneficia
598 707 901 774 nondum
950 709 1251 775 vacantia
1310 712 1374 774 et
1422 709 1722 793 proxime
1770 710 2076 775 vacatura
2123 728 2272 775 cum
2317 710 2510 777 certis
2559 711 3068 777 limitationibus
3117 712 3206 777 ob

221 835 365 882 eam
421 834 692 882 causam
744 815 1039 894 adiectis,
1088 833 1173 899 ne
1221 815 1422 881 nimis
1470 817 1991 901 aggravarentur
2035 816 2385 883 collatores
2434 818 2829 904 ordinarii.¹)

440 922 703 1007 Reliqui
726 939 882 988 vero
897 922 1126 1007 Legati
1140 920 1510 1007 Apostolici
1538 924 1844 1007 quamvis
1872 924 2104 990 saltem
2134 924 2218 989 de
2246 924 2384 989 iure
2408 925 2747 991 communi
2776 926 2906 992 illis
2933 927 3113 993 nulla
3139 928 3205 991 in

223 1030 706 1097 beneficiorum
779 1029 1235 1114 provisionem
1307 1033 1485 1095 esset
1561 1031 1880 1116 potestas,
1950 1033 2172 1096 tamen
2255 1033 2637 1117 praesertim
2698 1037 3021 1119 tempore,
3072 1052 3207 1119 quo

224 1136 513 1216 Romani
562 1135 925 1202 Pontifices
973 1134 1322 1202 Avenione
1384 1136 1785 1215 residebant,
1847 1138 2226 1204 necessario
2289 1140 2728 1225 amplioribus
2789 1140 3209 1207 facultatibus

225 1247 410 1309 erant
478 1243 801 1322 donandi,
872 1247 943 1308 ut
1014 1243 1265 1309 maiore
1311 1244 1696 1310 auctoritate
1767 1244 2064 1310 instructi
2145 1245 2382 1311 melius
2448 1247 2871 1313 ecclesiarum
2920 1248 3210 1333 negotiis

225 1369 602 1417 succurrere
651 1351 1033 1436 valerent.2)

437 1457 571 1525 Sed
615 1458 778 1523 haec
816 1456 1089 1542 quidem
1132 1458 1451 1523 hactenus
1491 1458 1574 1523 de
1609 1458 1746 1524 iure
1781 1457 2063 1531 Romani
2099 1458 2445 1525 Pontificis
2479 1462 2855 1527 reservandi
2889 1462 3213 1529 beneficia

228 1566 294 1631 in
319 1583 570 1651 genere
594 1603 685 1611 —
706 1583 883 1630 nunc
908 1565 1069 1630 mihi
1099 1564 1427 1649 quaedam
1457 1564 1846 1631 disserenda
1876 1568 2030 1648 sunt
2054 1566 2138 1631 de
2161 1566 2636 1652 principalibus
2664 1568 3208 1642 Reservationum

228 1672 769 1757 Apostolicarum
862 1671 1334 1749 divisionibus,
1423 1690 1592 1756 quas
1694 1673 1862 1737 inter
1957 1673 2347 1739 numerandi
2443 1676 2662 1740 solent
2732 1676 3213 1742 reservationes

227 1780 683 1865 generales,
756 1778 1174 1864 specialeS‚
1248 1779 1321 1844 in
1399 1797 1730 1864 corpore
1804 1780 1998 1845 iuris
2068 1779 2383 1846 clausae
2442 1799 2702 1848 necnon
2754 1786 2966 1848 extra
3019 1783 3212 1848 illud

229 1905 522 1972 corpus
601 1890 1006 1971 vagantes.
1104 1885 1234 1952 Sed
1315 1886 1508 1952 dictis
1600 1887 1991 1953 nominibus
2055 1925 2143 1932 —
2208 1906 2428 1972 neque
2508 1889 2572 1954 id
2653 1890 2888 1955 mirum
2969 1894 3068 1957 est
3129 1930 3214 1937 —

231 1994 340 2059 alii
391 1996 696 2059 auctores
739 1993 903 2059 alias
950 1993 1526 2079 comprehendunt
1559 1993 2061 2058 reservationes.
2159 1993 2237 2058 Et
2272 1995 2554 2079 primum
2594 1995 2863 2081 quidem
2901 1995 3214 2082 Philippo

233 2099 657 2185 Schneider³)
719 2100 1023 2166 assentiri
1088 2118 1224 2165 non
1290 2118 1591 2185 possum,
1655 2099 1767 2184 qui
1830 2099 1976 2164 illas
2031 2101 2286 2166 tantum
2361 2102 2843 2168 reservationes
2915 2104 3216 2169 nominat

235 2298 287 2349 in
326 2296 556 2349 ecclesia
605 2293 1076 2349 Vratislavien.
1117 2309 1238 2349 cum
1279 2310 1402 2349 cura
1451 2295 1540 2348 vel
1587 2296 1704 2348 sine
1743 2309 1866 2347 cura
1916 2295 2123 2348 etiamsi
2165 2298 2279 2364 ipsa
2328 2295 2564 2367 dignitas
2601 2299 2724 2365 post
2762 2299 3123 2368 episcopalem
3165 2302 3215 2354 in

235 2384 373 2438 dicta
415 2384 644 2438 ecclesia
682 2383 840 2438 fuerit
879 2386 1047 2438 maior
1085 2386 1139 2437 et
1176 2386 1227 2437 in
1268 2384 1665 2454 Glogovien.
1706 2385 1869 2452 atque
1909 2382 2216 2453 Opolien.
2258 2385 2499 2439 ecclesiis
2538 2386 2910 2441 Vratislavien.
2951 2388 3218 2443 dioecesis

237 2477 289 2527 in
327 2474 563 2544 singulis
600 2488 782 2527 earum
823 2474 1066 2528 similiter
1104 2472 1270 2526 duos
1309 2473 1744 2526 canonicatus
1793 2474 1847 2526 et
1885 2472 2049 2526 duas
2103 2474 2519 2542 praebendas
2559 2479 2813 2530 vacantes
2851 2477 2938 2530 vel
2978 2481 3218 2546 proxime

237 2565 517 2617 vacaturas
555 2563 714 2616 simul
754 2563 841 2616 vel
882 2564 1193 2616 successive
1231 2563 1538 2630 spectantes
1576 2576 1673 2615 seu
1713 2564 2045 2631 spectaturas
2092 2563 2159 2617 ad
2199 2563 2541 2617 collationem
2579 2580 2677 2618 seu
2715 2568 3081 2634 provisionem
3120 2569 3217 2621 etc.

238 2651 493 2721 Episcopi
554 2651 926 2706 Vratislavien.
1005 2653 1315 2705 auctoritate
1375 2650 1689 2718 Apostolica
1753 2665 2030 2705 reservare
2087 2667 2147 2706 ac
2210 2652 2278 2706 de
2340 2654 2748 2708 canonicatibus
2798 2657 2848 2708 et
2877 2656 3221 2723 'praebendis

240 2756 450 2795 necnon
500 2741 570 2794 de
627 2741 909 2812 dignitate,
967 2741 1255 2810 personatu
1314 2755 1409 2794 seu
1467 2738 1649 2793 officio
1706 2739 1994 2808 praedictis
2048 2741 2333 2810 providere
2389 2745 2743 2797 communiter
2797 2745 2883 2796 vel
2935 2746 3218 2813 separatim

239 2833 487 2900 personis
544 2830 756 2884 idoneis
812 2829 880 2884 ad
921 2831 1025 2884 hoc
1074 2831 1331 2884 canonice
1378 2829 1563 2883 electis
1610 2830 1951 2907 singulariter
2005 2830 2235 2900 singulis
2283 2832 2442 2886 etiam
2499 2832 2630 2885 alias
2676 2831 3010 2886 beneficiatis
3058 2833 3222 2887 libere

241 2921 416 2975 valeat
455 2935 514 2974 ac
554 2921 760 2974 eisdem
801 2922 1047 2989 personis
1105 2921 1253 2988 ipsos
1309 2918 1547 2973 conferre
1594 2933 1716 2972 curn
1772 2921 2157 2988 acceptatione,
2214 2920 2550 2983 inhibitione,
2606 2921 2821 2976 decreto
2877 2924 2930 2975 et
2985 2923 3220 2977 clausula

248 3009 552 3072 ¹„anteferri”
598 3013 651 3063 et
687 3025 808 3064 cum
862 3011 1080 3072 ¹,ceteris
1118 3023 1227 3063 non
1267 3008 1636 3062 obstantibus·
1682 3011 1957 3063 consuetis
1995 3013 2054 3063 et.
2089 3010 2343 3063 clausulis
2398 3011 2678 3078 oportunis
2733 3025 2793 3064 ac
2848 3012 3223 3066 executoribus

243 3100 511 3168 praedicta
551 3100 861 3153 auctoritate
897 3099 1211 3168 Apostolica
1248 3099 1463 3167 plenam
1503 3099 1555 3151 et
1593 3097 1812 3152 liberam
1849 3098 2147 3152 concedere
2182 3098 2479 3169 dignemini
2510 3097 2814 3153 facultatem
2851 3102 2907 3154 ut
2945 3104 2998 3154 in
3036 3100 3221 3156 forma.

246 3189 382 3243 Fiat
420 3189 499 3242 de
537 3203 658 3242 una
700 3190 760 3242 in
801 3188 1102 3257 qualibet
1141 3189 1336 3241 etiam
1377 3187 1455 3241 de
1494 3187 1830 3257 dignitate
1868 3190 1928 3240 in
1968 3186 2435 3241 Vratislavien.
2511 3187 2567 3247 R.

369 3278 409 3346 l)
450 3293 492 3332 c.
532 3278 580 3332 3.
622 3276 690 3331 de
746 3276 837 3331 off.
877 3278 1039 3348 legati
1080 3276 1112 3331 l.
1159 3276 1222 3330 15
1279 3279 1331 3329 in
1389 3274 1506 3330 V10.
1582 3292 1624 3330 c.
1665 3278 1713 3331 9.
1763 3276 1833 3330 de
1888 3276 2069 3345 praeb.
2128 3278 2180 3330 et
2236 3277 2384 3348 dign.
2426 3277 2498 3331 111.
2539 3281 2572 3330 4
2612 3281 2662 3331 in
2702 3278 2820 3333 V1⁰.
2896 3295 2940 3333 c.
2980 3281 3064 3334 22.
3106 3281 3137 3334 l.
3176 3296 3222 3334 c.

246 3366 695 3437 Schmalzgruber
731 3367 763 3420 l.
805 3382 848 3420 c.
890 3367 922 3420 1.
961 3368 996 3419 t.
1036 3366 1107 3420 30
1144 3381 1195 3419 n.
1235 3366 1267 3418 4
1306 3366 1521 3420 Aeneas
1559 3365 1628 3419 de
1665 3365 1995 3420 Falkonibus
2034 3367 2066 3419 l.
2106 3381 2149 3421 c.
2188 3381 2239 3435 p.
2277 3366 2349 3420 50
2384 3367 2420 3420 t.

370 3456 415 3525 2)
455 3456 531 3510 Ex
589 3470 784 3526 magna
839 3455 1208 3524 exemplorum
1267 3458 1420 3523 copia
1478 3469 1643 3509 unum
1702 3441 1909 3508 tantum
1946 3455 2160 3525 eligam.
2238 3455 2310 3509 lta
2348 3470 2400 3509 v.
2439 3471 2491 3526 g.
2533 3456 2783 3511 Urbanus
2822 3457 2885 3511 V.
2925 3457 3075 3529 (Reg.
3105 3458 3222 3513 Vat.

248 3548 282 3600 t.
321 3546 427 3600 246
465 3544 554 3599 fol.
594 3544 679 3608 21,
719 3544 825 3611 25),
865 3545 954 3598 die
997 3546 1040 3598 1.
1105 3543 1236 3598 Dec.
1279 3543 1413 3598 1363
1452 3544 1800 3598 celeberrimo
1837 3543 1909 3598 illi
1947 3543 2215 3598 Cardinali
2252 3537 2486 3614 Aegidio
2526 3544 2594 3598 de
2621 3545 2913 3610 Albornoz,
2954 3547 3224 3616 Episcopo

250 3633 549 3697 Sabinensi‚
589 3633 940 3712 Apostolicae
978 3632 1150 3688 Sedes
1181 3631 1398 3703 Legat0,
1437 3635 1703 3687 concessit
1740 3632 2043 3687 facultatem
2083 3633 2404 3703 providendi
2444 3634 2631 3688 decem
2660 3638 2906 3704 personis
2945 3638 2996 3689 in
3036 3636 3222 3690 decem

249 3724 490 3778 ecclesiis
529 3722 926 3777 cathedralibus
963 3725 1081 3776 sive
1137 3722 1439 3793 collegiatis
1496 3724 1547 3776 et
1585 3722 1779 3776 eodem
1837 3721 1927 3775 die
1965 3722 2191 3776 eandem
2249 3723 2429 3776 tribuit
2485 3725 2809 3792 potestatem
2858 3739 2955 3792 pro
3010 3727 3224 3796 triginta

174 3876 178 3880 .
253 3814 498 3882 personis
538 3815 590 3866 in
629 3814 845 3884 triginta
884 3812 1126 3865 ecclesiis
1165 3811 1560 3865 cathedralibus
1599 3811 1685 3865 vel
1725 3811 2039 3882 collegiatis.

461 3901 545 3956 De
571 3902 779 3956 actibus
805 3902 1074 3955 similibus
1099 3915 1128 3954 a
1155 3899 1424 3955 Cardinali
1446 3900 1665 3964 Gentili,
1691 3900 2040 3969 Apostolicae
2060 3900 2217 3954 Sedis
2238 3900 2458 3971 Legat0,
2481 3903 2532 3954 in
2560 3901 2796 3957 dioecesi
2823 3903 3224 3959 Vratislaviensi

251 3993 436 4062 gestis,
475 3992 605 4045 dum
645 3990 929 4045 Nankerus
966 3989 1269 4058 Episcopus
1308 3990 1481 4043 dictae
1520 3989 1787 4043 dioecesis
1826 4004 1922 4058 per
1959 3991 2066 4043 tres
2110 4003 2284 4043 annos
2322 3991 2374 4042 et
2421 3990 2554 4044 ultra
2592 3990 2876 4046 Avenione
2924 3993 3227 4048 morabatur

253 4081 314 4135 ci.
355 4079 491 4136 Cod.
533 4080 677 4149 Dipl.
718 4079 811 4134 Sil.
851 4081 884 4133 t.
924 4078 988 4133 V.
1028 4093 1080 4147 p.
1120 4078 1216 4131 211
1262 4080 1314 4132 et
1354 4078 1554 4132 ibidem
1592 4093 1643 4147 p.
1684 4077 1769 4132 Vl.
2927 4127 2933 4135 .

463 4170 627 4224 Porro
665 4168 811 4223 haud
850 4183 965 4222 raro
1005 4165 1296 4224 Pontifices
1335 4170 1448 4221 suis
1488 4168 1703 4239 Legatis
1740 4182 1995 4236 expresse
2042 4166 2306 4222 dederunt
2357 4170 2408 4221 in
2458 4170 2741 4234 mandatis,
2798 4173 2855 4225 ut
2901 4173 3227 4241 inquirerent

253 4260 323 4314 de
358 4274 583 4313 numero
620 4258 1007 4313 beneficiorum
1047 4239 1173 4311 Sedi
1211 4256 1558 4325 Apostolicae
1614 4260 2001 4310 reservatorum
2050 4259 2101 4310 in
2141 4258 2293 4311 terris
2330 4272 2543 4312 suarum
2585 4259 2956 4330 Legationum.
3033 4261 3104 4315 lta
3143 4277 3225 4315 ex.

256 4364 327 4419 gr.
356 4349 682 4403 Benedictus
709 4348 812 4402 XII.
839 4363 869 4402 a
902 4348 1158 4418 magistro
1192 4345 1439 4400 Johanne
1464 4345 1637 4410 Fabri,
1676 4348 1936 4399 canonico
1962 4346 2222 4400 ecclesiae
2248 4345 2670 4415 Campostellan.
2712 4352 2763 4403 in
2791 4351 3031 4419 partibus
3058 4349 3225 4421 Regni

257 4436 522 4493 Castellae
562 4439 617 4492 et
655 4437 927 4509 LegioniS,
983 4436 1331 4505 Apostolicae
1369 4435 1527 4490 Sedis
1565 4435 1784 4499 Nunti0,
1824 4435 1913 4489 die
1956 4436 2035 4489 12.
2075 4435 2251 4489 Martii
2295 4435 2430 4490 1335
2476 4451 2570 4505 per
2614 4438 2811 4492 litteras
2850 4441 3228 4507 expostulavit,

260 4529 315 4580 ut
352 4528 419 4581 de
466 4526 747 4581 beneficiis
794 4526 1163 4595 spectantibus
1219 4524 1286 4578 ad
1335 4527 1700 4594 provisionem
1739 4524 2108 4593 Apostolicam
2166 4526 2220 4578 et
2274 4540 2368 4594 per
2431 4528 2696 4594 praelatos
2742 4528 2948 4581 illarum
2998 4530 3225 4597 partium

259 4617 532 4685 illegitime
587 4616 794 4670 collatis
847 4617 900 4669 et
965 4615 1034 4669 de
1079 4615 1333 4668 omnibus
1389 4613 1791 4668 conditionibus
1848 4628 1908 4667 ac
1964 4616 2374 4668 circumstantiis
2430 4629 2490 4667 se
2528 4615 2836 4670 informaret
2891 4620 2944 4671 et
2998 4618 3227 4673 referret.

468 4704 596 4776 Reg.
637 4704 756 4759 Vat.
797 4707 832 4758 t.
877 4704 976 4759 130
1013 4702 1084 4758 n⁰
1119 4704 1202 4760 83.
1282 4703 1586 4767 ¹,Relatione
1624 4705 2009 4772 percepimus.“

469 4794 674 4848 Eodem
715 4794 880 4848 modo
916 4809 967 4848 v.
1008 4808 1062 4864 g.
1101 4794 1312 4862 scripsit
1345 4791 1622 4846 Johannes
1661 4792 1811 4846 xxn.
1890 4791 2084 4846 Carolo
2121 4791 2544 4862 Archiepiscopo
2587 4793 2825 4848 Lunden.
2865 4810 2926 4849 ac
2964 4796 3055 4849 dil.
3104 4795 3230 4850 filiis

262 4882 488 4938 Johanni
536 4872 800 4954 Nybo'rgh
859 4883 928 4937 de
966 4883 1153 4938 ordine
1209 4882 1422 4936 fratrum
1462 4880 1886 4950 praedicatorum
1926 4882 2338 4950 poenitentiario
2376 4897 2436 4935 ac
2475 4881 2632 4936 Petro
2670 4883 2914 4938 Gervasii
2971 4888 3230 4939 canonico

266 4973 518 5027 ecclesiae
556 4972 630 5027 St.
669 4972 863 5026 Evodii
890 4972 1132 5027 Anicien.
1206 4971 1552 5040 Apostolicae
1590 4970 1748 5024 Sedis
1788 4958 2001 5041 Legatis
2045 4970 2221 5040 „quod
2262 4969 2548 5025 informent
2586 4987 2646 5025 se
2681 4971 2750 5024 de
2775 4972 3053 5026 beneficiis
3091 4989 3228 5042 quae

268 5064 451 5116 vacant
490 5077 584 5131 per
623 5064 1059 5116 constitutionem
1106 5057 1488 5125 ..Execrabilis⁴¹
1533 5063 1586 5113 in
1625 5059 1812 5130 Regno
1851 5059 2050 5114 Daciae
2087 5063 2139 5114 et
2177 5060 2516 5113 rescribant·.

471 5150 602 5221 Reg.
642 5151 759 5205 Vat.
798 5153 833 5205 t.
878 5150 992 5205 115.
1065 5149 1177 5204 Fol.
1221 5150 1337 5204 127.
1418 5149 1668 5214 „Auditui
1708 5149 1968 5202 nostrae.⁸

474 5239 673 5295 Datum
711 5240 995 5295 Avenione
1033 5240 1106 5294 ld.
1146 5238 1268 5294 Oct.
1309 5253 1355 5292 a.
1400 5240 1462 5292 14
1501 5238 1661 5305 (1339
1699 5236 1804 5292 Oct
1848 5237 1950 5303 15).

388 5328 430 5397 ¹)
470 5329 573 5383 Die
610 5328 1003 5384 Bischoflichen
1044 5328 1386 5398 Domkapitel
1425 5343 1475 5397 p.
1520 5328 1635 5382 120.
