3688 5825
1657 308 1739 369 79

207 515 625 599 generaliter,
741 515 964 599 aliqua
1070 534 1228 582 vero
1345 514 1739 599 specialiter,
1865 514 2277 581 inhibicione
2400 532 2477 581 ac
2598 513 2864 581 decreto
3001 531 3202 598 super

209 622 339 688 hiis
434 622 863 707 interpositis,
937 622 1324 701 reservavit,
1434 640 1721 707 quorum
1830 621 2102 706 quidem
2176 620 2599 706 dignitatum,
2695 623 3196 706 personatuum,

208 727 609 807 officiorum,
687 729 1223 807 canonicatuum,
1309 728 1796 813 prebendarum
1909 731 1973 794 et
2048 727 2525 794 beneficiorum
2601 728 3195 794 ecclesiasticorum

212 828 757 916 reservatorum,'
815 839 885 901 ut
955 836 1290 920 prefertur,
1387 854 1505 921 per
1596 854 1748 902 eum
1821 835 2144 901 nonnulla
2216 837 2517 920 tempore
2589 836 2691 901 sui
2772 835 2997 902 obitus
3068 834 3197 900 iam

208 943 557 1022 vacabant,
608 942 690 1008 de
726 941 971 1028 quibus
1019 961 1139 1027 per
1184 960 1359 1022 eum,
1404 942 1564 1009 dum
1599 943 1778 1022 vixit,
1816 960 2245 1027 nequaquam
2283 942 2492 1008 extitit
2548 941 2945 1008 ordinatum.
3025 941 3197 1008 Cum

208 1051 457 1128 autem,
507 1050 678 1116 sicut
725 1049 1191 1129 intelleximus,
1241 1050 1325 1116 ab
1374 1050 1713 1135 aliquibus
1765 1050 1829 1115 in
1867 1049 2145 1116 dubium
2198 1052 2557 1128 revocetur,
2608 1068 2692 1116 an
2745 1051 2900 1134 post
2947 1048 3196 1115 dictum

207 1158 469 1223 obitum
552 1157 795 1241 aliquis
890 1159 1105 1241 preter
1197 1156 1572 1242 Romanum
1648 1157 2035 1242 pontificem
2108 1157 2193 1223 de
2268 1156 2654 1224 huiusmodi
2735 1156 3197 1241 dignitatibuS,

209 1264 706 1349 personatibuS,
779 1263 1041 1342 officiiS,
1112 1264 1635 1343 canonicatibuS,
1708 1264 2067 1350 prebendis
2139 1265 2201 1331 et
2271 1264 2417 1330 aliis
2480 1264 2792 1349 predictis
2851 1263 3197 1330 beneficiis

208 1370 700 1449 ecclesiasticiS,
772 1370 940 1437 sicut
1013 1371 1426 1455 premittitur,
1499 1373 1843 1438 reservatis
1902 1374 1963 1437 et
2035 1374 2338 1456 tempore
2411 1372 2637 1437 obitus
2707 1370 3198 1456 predecessoris

210 1477 515 1563 ejusdem
580 1479 967 1544 vacantibus
1029 1478 1390 1564 disponere
1454 1480 1740 1564 potuerit
1802 1479 1943 1545 sive
1993 1478 2229 1563 possit.
2337 1477 2482 1544 Nos
2531 1477 2949 1544 attendentes
2999 1479 3199 1543 verba

211 1584 622 1663 huiusmodi,
659 1584 906 1652 scilicet
942 1585 1197 1662 „donec
1230 1585 1687 1652 miseracionis
1721 1585 1946 1652 divine
1995 1585 2395 1653 clemencia“
2451 1587 2569 1651 etc.
2622 1586 2687 1649 in
2739 1584 3198 1651 reservacione

209 1691 503 1776 predicta
566 1694 896 1770 contenta,
969 1710 1137 1758 sano
1210 1710 1414 1777 posse
1465 1692 1795 1758 intellectu
1869 1691 2085 1757 referri
2134 1691 2478 1758 dumtaxat
2525 1691 2607 1757 ad
2660 1691 3003 1770 beneficia,
3067 1709 3197 1775 que

209 1801 436 1865 essent
470 1798 771 1865 eiusdem
808 1798 1300 1883 predecessoris
1349 1799 1571 1864 obitus
1605 1800 1906 1885 tempore
1938 1801 2268 1864 vacatura.
2343 1797 2865 1864 Considerantes
2901 1816 3197 1882 quoque,

210 1905 397 1991 quod
449 1906 594 1990 ipse
645 1906 1048 1984 intendebat,
1097 1908 1168 1971 ut
1216 1906 1524 1990 superius
1574 1909 1671 1971 est
1708 1906 2131 1990 premissum,
2189 1905 2272 1970 de
2307 1904 2694 1971 huiusmodi
2739 1905 3197 1990 dignitatibu5‚

210 2012 703 2098 personatibus,
740 2012 1002 2091 officiis,
1039 2012 1565 2091 canonicatibus,
1602 2011 1960 2098 prebendis
1995 2014 2058 2078 et
2092 2011 2438 2078 beneficiis
2474 2031 2589 2097 per
2626 2012 2805 2079 sedis
2831 2012 3198 2097 apostolice

210 2119 712 2205 providenciam
763 2119 1052 2185 ordinari
1102 2121 1166 2186 et
1214 2119 1400 2204 quod
1449 2138 1585 2185 non
1636 2123 1732 2186 est
1791 2119 2168 2196 verisimile,
2245 2119 2430 2203 quod
2481 2120 2626 2205 ipse
2674 2121 2944 2186 alterius
2995 2137 3197 2203 quam

210 2245 331 2293 sue
383 2225 804 2293 condicionis
852 2226 1049 2292 vellet
1105 2243 1528 2292 successores
1577 2244 1740 2293 suos
1789 2227 2068 2293 existere
2120 2226 2185 2292 in
2236 2228 2359 2293 hac
2407 2230 2608 2311 parte.
2689 2227 2790 2293 Ad
2824 2225 3194 2293 tollendum

210 2334 438 2400 omnis
488 2332 940 2417 ambiguitatis
1004 2333 1409 2417 scrupulum,
1466 2336 1695 2399 tenore
1755 2334 2171 2418 presencium
2226 2333 2659 2412 declaramuS,
2712 2332 3197 2420 patriarchaleS,

210 2440 840 2525 archiepiscopaleS,
913 2440 1337 2525 episcopales
1386 2441 1449 2505 et
1496 2440 1879 2506 abbaciales
1927 2440 2287 2525 dignitates
2359 2459 2434 2507 ac
2484 2443 2904 2525 personatus,
2957 2439 3197 2517 officia,

211 2548 667 2621 canonicatus,
740 2546 1116 2632 prebendas
1187 2550 1250 2613 et
1321 2547 1647 2613 beneficia
1719 2548 1847 2613 alia
1911 2547 2310 2632 supradicta,
2385 2565 2516 2632 que
2565 2549 2659 2614 sic
2709 2549 3034 2613 reservata
3084 2565 3200 2631 per

212 2656 435 2740 ipsum
489 2654 1032 2740 predecessorem
1083 2657 1406 2739 tempore,
1458 2672 1593 2739 quo
1646 2654 1787 2739 ipse
1837 2654 1957 2720 fuit
1990 2654 2077 2721 ab
2112 2654 2234 2721 hac
2267 2655 2414 2721 luce
2450 2656 2842 2733 subtractuS,
2876 2654 3200 2720 vacabant

211 2762 619 2828 remansisse
669 2779 745 2828 ac
792 2779 1130 2828 remanere
1181 2779 1297 2846 per
1366 2761 1752 2828 huiusmodi
1827 2762 2355 2828 reservacionem
2427 2764 2490 2828 et
2559 2761 2895 2828 decretum
2946 2761 3197 2839 affecta,

211 2868 610 2955 nullumque
676 2868 759 2936 de
831 2868 959 2935 illis
1033 2870 1249 2954 preter
1295 2867 1671 2942 Romanum
1722 2869 2105 2956 pontificem
2169 2887 2248 2936 ea
2297 2870 2437 2937 vice
2488 2868 2793 2955 potuisse
2841 2868 2944 2936 vel
2995 2885 3199 2955 posse

211 2978 575 3062 disponere
625 2976 1139 3062 quoquomod0,
1190 2976 1621 3043 decernentes
1672 2977 1921 3043 irritum
1973 2979 2038 3043 et
2072 2977 2290 3056 inane,
2342 2976 2658 3063 quicquid
2696 2977 2762 3043 in
2799 2977 3197 3043 contrarium

211 3103 248 3149 a
311 3102 685 3169 quoquam,
736 3084 970 3168 quavis
1037 3085 1439 3162 auctoritate,
1512 3083 1794 3150 scienter
1854 3084 1957 3150 vel
2031 3085 2414 3169 ignoranter
2460 3086 2919 3169 attemptatum
2969 3083 3194 3150 forsan

212 3196 308 3257 est
358 3192 684 3257 hactenus
731 3191 837 3257 vel
907 3191 1259 3275 contigerit
1324 3191 1764 3274 imposterum
1836 3191 2226 3276 attemptari.
2343 3190 2525 3256 Nulli
2601 3209 2762 3276 ergo
2811 3194 2930 3256 etc.

429 3297 678 3363 Datum
727 3296 1061 3364 Avinione
1110 3297 1264 3363 Xlll.
1314 3297 1440 3364 kal.
1487 3296 1670 3363 ,lunii
1720 3316 1777 3363 a.
1828 3297 2068 3383 primo.

1646 3707 1773 3786 27.

223 3885 356 3941 1342
398 3884 551 3954 Sept.
590 3885 639 3939 2.

212 3976 343 4046 Reg.
384 3973 560 4030 Aven.
601 3972 772 4029 Clem.
813 3973 899 4028 Vl.
940 3977 977 4029 t.
1023 3975 1066 4028 l.
1108 3974 1200 4029 fol.
1239 3974 1361 4030 339.

428 4135 691 4202 Dilecto
739 4135 880 4202 filio
930 4135 1126 4202 Petro
1178 4136 1492 4215 Conradi,
1542 4137 1869 4204 canonico
1918 4135 2465 4212 Wratislauiensi,
2516 4135 2796 4200 salutem
2844 4138 2965 4200 etc.

431 4259 908 4326 Laudabile
960 4262 1563 4339 testimonium,
1616 4261 1798 4347 quod
1848 4261 1964 4326 tibi
2014 4260 2192 4344 apud
2244 4277 2371 4325 nos
2420 4259 2503 4325 de
2551 4259 2899 4343 probitatis
2949 4259 3197 4326 meritis

215 4367 707 4451 fidedignorum
753 4368 1141 4435 testimonio
1176 4369 1576 4453 perhibetur,
1628 4368 1984 4452 benignius
2045 4366 2484 4445 attendenteS,
2535 4366 2810 4450 dignum
2863 4365 3196 4444 duximus,

216 4480 283 4540 ut
353 4474 439 4540 ad
513 4492 870 4558 personam
921 4476 1101 4539 tuam
1154 4476 1518 4560 apostolice
1568 4475 1977 4542 liberalitatis
2021 4474 2355 4539 dexteram
2385 4473 2842 4539 extendamus.
2924 4473 3195 4540 Dudum

216 4583 268 4647 si
333 4580 605 4667 quidem
679 4580 888 4647 felicis
952 4582 1440 4648 recordacionis
1496 4582 1844 4648 Joliannes
1917 4599 2089 4666 papa
2141 4580 2324 4645 XXll.
2376 4580 2809 4665 predecessor
2855 4585 3085 4646 noster
3132 4583 3196 4646 in

215 4691 355 4756 suis
446 4688 860 4771 apostolatus
955 4689 1338 4772 primordiis
1426 4707 1665 4755 omnes
1735 4689 2166 4754 canonicatus
2238 4690 2301 4752 et
2372 4687 2771 4773 prebendaS,
2850 4690 3197 4773 ceteraque

215 4796 541 4864 beneficia
656 4796 1121 4874 ecclesiastica,
1217 4815 1347 4881 que
1450 4800 1607 4863 tunc
1685 4795 1863 4881 apud
1958 4796 2393 4880 apostolicam
2468 4794 2697 4861 sedem
2794 4813 3198 4880 quocunque

214 4903 425 4970 modo
502 4903 825 4968 vacabant
904 4904 967 4967 et
1038 4921 1169 4987 que
1240 4907 1479 4969 extunc
1551 4905 1615 4969 in
1693 4907 1907 4981 antea,
1980 4902 2197 4968 donec
2269 4901 2510 4968 Christi
2560 4901 2924 4986 dignitacio
2976 4901 3194 4986 ipsum

213 5011 601 5095 dignaretur
692 5009 1085 5075 universalis
1180 5011 1458 5078 ecclesie
1553 5029 1806 5096 sponse
1902 5028 2020 5075 sue
2115 5008 2420 5093 regimini
2518 5007 2871 5094 presidere,
2966 5026 3196 5074 vacare

213 5117 633 5199 contingeret
723 5116 900 5200 apud
996 5135 1167 5196 eam,
1248 5117 1617 5202 provisioni
1713 5136 1832 5183 sue
1910 5116 2297 5182 auctoritate
2376 5116 2746 5200 apostolica
2826 5117 3196 5194 reservavit,

214 5225 583 5290 decernens
632 5226 870 5288 extunc
919 5223 1164 5289 irritum
1218 5227 1282 5290 et
1330 5225 1548 5301 inane,
1599 5226 1652 5290 si
1704 5241 1898 5289 secus
1933 5241 2134 5307 super
2167 5223 2295 5288 hiis
2329 5241 2447 5307 per
2486 5240 2927 5306 quoscunque
2962 5224 3198 5305 quavis

213 5329 602 5414 auctoritate
674 5331 955 5395 scienter
1025 5332 1126 5397 vel
1199 5333 1583 5416 ignoranter
1651 5333 2113 5414 attemptatum
2187 5329 2408 5395 forsan
2491 5332 2669 5394 esset
2727 5329 3045 5394 hactenus
3095 5329 3196 5394 vel
