3688 5825
1946 314 2032 376 42

499 522 597 588 16.
645 522 793 589 Jan.
853 522 1017 588 1362
1096 522 1255 599 „hac
1301 521 1553 609 vice“¹)
1602 523 1901 590 locorum
1953 523 2326 591 Ordinariis
2398 523 2679 607 aliisque
2751 522 3081 608 personiS,
3153 523 3236 589 ad
3308 541 3485 608 quas

496 629 791 716 provisio
842 630 982 696 sive
1032 630 1359 696 institutio
1426 632 1748 698 canonica
1816 632 2207 715 pertinebat,
2264 631 2595 697 concessit
2642 630 3042 708 facultatem,
3090 628 3483 697 conferendi

493 737 878 803 auctoritate
962 735 1355 821 Apostolica
1441 738 1828 804 huiusmodi
1917 741 2287 805 reservatos
2373 737 2805 804 canonicatus
2893 739 2956 802 et
3058 736 3484 822 praebendas

492 862 756 911 necnon
807 844 1121 911 ecclesias
1155 844 1417 928 aliaque
1451 844 1778 912 beneficia
1811 846 2252 912 ecclesiastica
2302 848 2484 912 tunc
2530 844 2853 923 vacantia,
2903 844 3141 911 sicum
3176 862 3331 912 cura
3362 844 3485 910 XX

493 952 594 1018 vel
676 952 821 1021 sine
901 970 1054 1018 cura
1132 951 1249 1017 XV
1327 951 1638 1018 librarum
1717 952 1965 1019 Turon.
2048 971 2399 1038 parvorum
2478 952 2773 1020 valorem
2852 972 2990 1020 non
3069 952 3484 1019 excedebant

502 1059 851 1144 „personis
887 1058 1152 1125 idoneis
1201 1059 1398 1125 etiam
1453 1078 1659 1125 unum
1709 1060 1813 1126 vel
1862 1059 2000 1126 duo
2036 1050 2480 1127 ecclesiastica
2512 1060 2842 1128 beneficia
2878 1059 3342 1127 obtinentibus
3376 1059 3481 1125 vel

494 1165 1103 1251 exspectantibus.“

708 1290 864 1357 Inde
936 1292 1066 1357 iam
1138 1294 1433 1377 apparat,
1505 1292 1964 1359 Innocentium
2021 1292 2123 1358 VI.
2196 1293 2640 1360 animarum
2714 1293 2952 1360 saluti
3029 1295 3180 1359 ante
3250 1292 3481 1358 omnia

495 1398 856 1466 consulens
929 1417 1047 1483 pro
1122 1402 1304 1484 parte
1377 1418 1497 1466 sua
1546 1399 2096 1473 Reservationum
2145 1398 2680 1486 Apostolicarum
2755 1419 3104 1467 numerum
3177 1400 3479 1466 minuere

496 1505 866 1585 studuisse;
939 1506 1212 1591 insuper
1282 1506 1457 1573 idem
1508 1505 1814 1574 Pontifex
1886 1526 1970 1574 ne
2042 1508 2531 1593 generalium
2605 1507 2878 1593 quidem
2950 1507 3479 1574 reservationum

494 1611 977 1679 declarationes
1026 1632 1062 1679 a
1114 1612 1743 1698 praedecessoribus
1815 1633 2060 1700 magna
2129 1634 2278 1682 cum
2351 1616 2642 1682 sollertia
2691 1616 3061 1700 publicatas
3110 1632 3198 1681 sc,
3253 1614 3481 1699 quoad

498 1720 821 1786 territoria
870 1720 936 1784 in
986 1720 1209 1787 Italia
1261 1722 1623 1806 superiore,
1674 1721 1916 1801 media,
1967 1722 2196 1789 infima
2230 1723 2335 1789 vel
2370 1723 2435 1788 in
2486 1721 2760 1789 Sicilia
2812 1722 3028 1788 insula
3062 1722 3184 1788 sita
3220 1721 3484 1787 videtur

497 1846 817 1912 umquam
928 1846 1352 1913 prorogasse.
1374 1829 1426 1914 2)
1564 1829 2055 1896 Beneficiorum
2165 1830 2363 1915 igitur
2468 1830 2952 1896 reservationes
3054 1848 3091 1895 a
3184 1828 3481 1914 praefato

501 1934 848 2002 Clemente
923 1934 1026 2000 VI.
1100 1936 1166 2000 in
1238 1934 1430 2003 dictis
1521 1937 1708 2003 terris
1802 1936 2038 2002 ultimo
2132 1937 2283 2003 loco
2377 1937 2605 2015 factae,
2699 1937 2766 2002 in
2861 1938 3181 2022 quantum
3262 1935 3483 2003 adhuc

497 2042 898 2127 investigare
926 2042 1135 2127 potui,
1162 2041 1271 2109 die
1303 2043 1401 2108 14.
1431 2042 1617 2110 Febr.
1654 2043 1821 2109 1348
1848 2044 2345 2129 exspiraverunt
2373 2045 2436 2109 in
2463 2042 2580 2129 Aq
2600 2062 2640 2109 ιι
2662 2044 2832 2129 iIeg
2850 2044 2868 2108 i
2886 2061 2922 2109 e
2940 2063 3007 2109 n.
3032 2042 3479 2110 etot-aden.

499 2150 1042 2234 patriarchatibus
1091 2152 1155 2215 et
1214 2148 1795 2216 Mediolanen.
1862 2149 2435 2224 Ravennaten.
2497 2150 2756 2217 Pisan
2803 2168 3067 2217 necnon
3123 2149 3478 2216 Januen.

500 2256 861 2341 provinciis
909 2259 973 2323 et
1021 2257 1087 2321 in
1138 2257 1437 2341 partibus
1484 2256 1880 2337 Tusciae,
1931 2257 2044 2323 die
2074 2258 2140 2323 6.
2170 2256 2360 2325 Febr.
2403 2257 2569 2324 1345
2605 2258 2671 2323 in
2702 2258 2888 2324 terris
2922 2258 3109 2342 regni
3154 2257 3481 2325 Siciliae

499 2364 710 2429 citra
759 2363 1089 2443 Fatum,
1137 2362 1247 2429 die
1303 2364 1356 2428 1.
1404 2364 1585 2431 Junii
1642 2363 1815 2430 1345
1859 2364 1926 2430 in
1976 2365 2121 2449 ipsa
2172 2365 2388 2431 insula
2437 2363 2676 2432 Sicilia.

715 2488 775 2556 U
795 2490 880 2555 rb
899 2508 936 2554 a
954 2509 995 2554 n
1018 2508 1059 2553 u
1078 2507 1111 2555 s
1152 2488 1333 2573 Papa
1358 2486 1494 2575 V.³)
1536 2490 1737 2575 paulo
1774 2492 1929 2575 post
1955 2509 2117 2557 suae
2156 2491 2615 2557 coronationis
2642 2490 2972 2557 solemnia
3009 2487 3211 2574 (1363
3233 2489 3385 2556 Jan.
3412 2489 3480 2572 5)

500 2614 741 2662 omnes
818 2596 1068 2681 gratias
1147 2597 1629 2681 exspectativas
1709 2598 1792 2663 ab
1872 2597 2261 2665 Innocentio
2339 2597 2441 2663 VI.
2521 2616 2879 2665 concessas
2957 2597 3291 2664 revocavit
3368 2615 3486 2682 per

499 2703 1047 2771 constitutionem
1089 2755 1115 2781 „
1140 2701 1253 2769 Ad
1290 2722 1380 2770 ea
1416 2722 1458 2789 p
1478 2723 1513 2771 e
1531 2724 1560 2769 r
1592 2724 1634 2790 q
1652 2724 1694 2770 u
1713 2725 1749 2772 a
1770 2723 1806 2771 e
1832 2712 1859 2738 ‘⁴
1883 2706 1959 2791 4),
1996 2706 2272 2772 minime
2302 2724 2460 2772 vero
2496 2705 2640 2772 illas
2675 2723 2999 2790 personas
3026 2704 3308 2791 privavit
3341 2705 3482 2771 suis

624 2917 669 2987 1)
708 2916 843 2973 Cod.
884 2917 943 2972 B.
984 2917 1075 2973 fol.
1118 2916 1411 2973 151—154.
1487 2919 1629 2987 (‚Ad
1667 2935 1728 2974 ea
1768 2921 1981 2990 quae0.)

719 3006 857 3061 Cod.
895 3007 960 3062 V.
1000 3006 1091 3061 fol.
1136 3007 1237 3063 100
1273 3005 1515 3063 10—101
1560 3008 1630 3064 10.

714 3096 771 3151 Ρ.
809 3095 918 3151 VII.
957 3095 1028 3151 n⁰
1062 3096 1149 3152 50.

629 3203 676 3272 ²)
716 3201 888 3258 Dictis
943 3206 1255 3273 provinciiS,
1313 3220 1375 3259 se
1428 3208 1560 3260 satis
1614 3205 1938 3275 providisse,
1995 3206 2131 3261 forte
2188 3209 2397 3261 censuit
2435 3206 2709 3266 Romanus
2746 3205 3009 3270 Pontifex,
3048 3221 3169 3260 cum
3208 3222 3261 3260 ν.
3302 3221 3356 3278 g.
3396 3207 3483 3260 die

502 3292 587 3347 31.
650 3292 778 3347 Maii
846 3292 982 3347 1353
1042 3292 1279 3364 Aegidio
1342 3292 1395 3349 S.
1459 3294 1516 3354 R.
1579 3293 1637 3348 E.
1704 3293 1974 3349 Cardinali
2033 3296 2235 3366 Legato
2281 3298 2333 3349 et
2378 3296 2544 3350 totius
2606 3294 2833 3350 Status
2894 3295 3366 3351 Ecclesiastici
3429 3298 3480 3349 ln

502 3382 890 3452 temporalibus
965 3384 1165 3436 vicario
1239 3385 1474 3454 generali
1548 3384 1803 3438 tribueret
1877 3383 2198 3450 facultatem,
2274 3384 2545 3445 Romanae
2618 3385 2891 3440 Ecclesiae
2963 3387 3183 3439 nomine
3239 3385 3482 3456 regendi,

505 3471 862 3543 gubernandi,
927 3472 1462 3541 iurisdictionemque
1523 3473 1813 3542 plenariam
1880 3474 2181 3538 exercendi,
2242 3489 2430 3543 pacem
2494 3475 2547 3528 et
2607 3474 2947 3528 concordiam
3013 3472 3337 3528 reformandi
3403 3476 3483 3538 ,in

502 3562 776 3630 provincia
815 3559 1203 3615 patrimonii
1243 3560 1430 3616 Beati
1466 3561 1637 3616 Petri
1675 3565 1729 3615 in
1765 3562 2074 3626 Thuscia,
2116 3562 2413 3617 Ducatus
2452 3562 2829 3632 Spoletani,
2868 3563 3140 3618 Marchiae
3167 3563 3482 3618 Anconae

502 3665 564 3704 ac
602 3649 1107 3715 Romandiolae,
1166 3649 1564 3720 Campaniae
1602 3653 1655 3706 et
1690 3651 2067 3706 Maritimae
2122 3653 2418 3721 provinciis
2455 3668 2517 3707 ac
2556 3655 2608 3706 in
2647 3652 2955 3706 civitatibus
2992 3653 3046 3707 et
3083 3654 3236 3707 terris
3273 3656 3328 3707 et
3366 3655 3484 3708 aliis

503 3739 756 3793 omnibus
813 3740 1084 3800 Romanae
1139 3739 1412 3794 Ecclesiae
1464 3740 1771 3795 immediata
1828 3741 2090 3795 subiectis
2145 3743 2243 3795 etc.
2318 3740 2504 3811 Magn.
2562 3739 2701 3795 Bull.
2758 3740 2909 3800 Rom.
2959 3741 2991 3795 l.
3040 3756 3085 3795 c.
3124 3757 3176 3811 p.
3216 3740 3325 3796 503
3363 3758 3481 3812 sqq.

717 3827 1019 3888 Renovavit
1039 3831 1200 3883 etiam
1223 3829 1399 3883 dictus
1413 3828 1659 3884 Pontifex
1678 3845 1775 3899 per
1800 3831 2241 3884 constitutionem
2275 3828 2585 3892 ,Debemus
2610 3830 2898 3884 subiectis‘
2930 3861 2999 3868 —
3021 3829 3155 3885 1355
3174 3829 3293 3884 Jan.
3322 3831 3384 3885 21
3417 3862 3485 3870 —

506 3918 729 3971 Litteras
768 3933 1058 3988 processus
1095 3934 1124 3972 a
1164 3916 1449 3972 Clemente
1485 3917 1549 3973 V.
1590 3922 1644 3973 et
1678 3919 1930 3973 Johanne
1970 3918 2124 3973 XXII.
2166 3921 2346 3973 contra
2387 3919 2706 3973 invadentes
2757 3920 2844 3973 vel
2892 3920 3024 3973 alias
3072 3920 3487 3988 quomodolibet

504 4005 778 4060 Siciliae
816 4022 1041 4077 regnum
1080 4011 1411 4077 occupantes
1448 4008 1771 4078 promulgati
1811 4008 2165 4077 extenditque
2205 4007 2323 4062 illas
2379 4008 2449 4062 ad
2506 4006 3047 4062 Beneventanam
3086 4009 3378 4063 civitatem.
3417 4042 3485 4048 —-

505 4095 709 4149 Ibidem
738 4110 790 4165 p.
817 4093 937 4150 510.
1015 4096 1266 4165 Denique
1290 4111 1386 4165 per
1411 4098 1849 4151 constitutionem
1896 4096 2282 4160 „Ecclesiarum
2311 4097 2585 4151 omnium·
2617 4128 2686 4135 —
2720 4096 2852 4152 1355
2879 4096 3003 4151 Oct.
3030 4097 3079 4152 6.
3109 4127 3173 4136 -
3204 4100 3488 4153 innovavit

504 4186 799 4238 sententias
862 4183 1158 4239 Clementis
1211 4184 1297 4239 VI.
1362 4187 1543 4239 contra
1606 4185 1799 4240 dantes
1862 4187 1950 4239 vel
2011 4188 2350 4255 acquirentes
2414 4186 2712 4240 dominium
2777 4188 2869 4241 aut
2917 4185 3342 4242 iurisdictionem
3401 4189 3486 4244 vel

505 4276 941 4343 praeeminetiam
998 4288 1162 4343 super
1217 4274 1403 4328 castris
1442 4275 1495 4329 et
1534 4275 1665 4329 locis
1712 4275 1884 4330 Patri
1899 4277 2100 4329 monii
2139 4274 2326 4328 Beati
2365 4274 2538 4329 Petri
2580 4278 2632 4330 in
2668 4276 2904 4330 Tuscia
2962 4277 3052 4330 aut
3090 4279 3487 4345 quoquomodo

504 4378 567 4417 ea
606 4363 949 4432 occupantes,
989 4377 1192 4431 easque
1230 4363 1472 4418 extendit
1509 4364 1576 4418 ad
1635 4364 1765 4418 alias
1801 4366 2108 4433 provincias
2146 4364 2328 4418 Status
2367 4364 2724 4419 Ecclesiastici
2764 4380 2864 4420 sc.:
2930 4365 3027 4430 „ad
3084 4364 3487 4436 Campaniae

505 4454 568 4505 et
603 4451 999 4516 Maritimae,
1039 4452 1326 4506 ducatus
1365 4451 1737 4522 Spoletani,
1774 4453 2108 4507 Marchiae
2145 4452 2566 4518 Anconitan.,
2604 4454 2865 4508 Massae
2902 4454 3278 4519 Trebariae,
3320 4457 3488 4511 terrae

506 4540 783 4594 Sanctae
844 4540 1149 4610 Agathae
1211 4544 1264 4595 et
1325 4541 1798 4600 Romandiolae
1859 4545 2180 4611 provinciaS,
2242 4558 2454 4597 necnon
2518 4543 2587 4598 ad
2649 4542 3028 4598 Bretonoril
3092 4547 3143 4598 et
3206 4547 3485 4616 quondam

504 4629 737 4684 Urbini
776 4644 838 4684 ac
863 4628 1253 4684 Venaissini
1282 4632 1566 4685 comitatus
1593 4633 1647 4685 et
1673 4631 1740 4685 ad
1767 4630 2238 4695 Beneventan.,
2266 4631 2735 4698 Ravennaten.,
2764 4637 2816 4688 et
2850 4633 3239 4698 Bononien.,
3267 4649 3332 4689 ac
3358 4636 3488 4690 alias

507 4719 767 4783 civitates,
806 4720 970 4773 terras
1009 4720 1140 4774 etc.“
1185 4734 1323 4788 quae
1363 4720 1635 4780 Romanae
1671 4720 1943 4774 Ecclesiae
1980 4720 2234 4775 suberant
2271 4721 2594 4776 immediate.
2634 4752 2702 4762 —
2741 4722 2946 4777 Ibidem
2985 4739 3038 4792 p.
3075 4722 3197 4778 514.

630 4825 675 4893 ⁸)
715 4825 930 4880 Electus
967 4824 1251 4881 Avenione
1290 4828 1379 4882 die
1418 4827 1486 4882 28
1524 4827 1670 4897 Sept.
1714 4827 1849 4882 1362
1893 4857 1954 4866 -
1994 4830 2286 4882 coronatus
2325 4827 2414 4883 die
2452 4828 2502 4883 6.
2542 4828 2682 4883 Νον.
2722 4844 2769 4884 e.
2808 4845 2854 4884 a.

721 4914 848 4969 Inde
887 4915 953 4969 ab
982 4915 1203 4970 Urbano
1227 4916 1291 4971 V.
1322 4931 1430 4970 non
1458 4917 1689 4986 amplius
1717 4918 1770 4970 in
1798 4916 2059 4987 Registris
2083 4916 2414 4986 Apostolicis
2452 4918 2549 4972 sed
2589 4934 2657 4973 ex
2694 4918 2777 4978 Re
2790 4919 2973 4990 gulis
3012 4917 3287 4974 CanceIl
3307 4923 3483 4975 ariae

505 5003 815 5073 Apostoli
828 5019 947 5059 cae
986 5005 1290 5074 quaerenda
1329 5006 1456 5059 sunt
1495 5005 1706 5060 decreta
1744 5004 2134 5060 beneficiorum
2175 5008 2590 5061 reservationem
2632 5010 3022 5063 concernentia.

625 5111 672 5179 ⁴)
714 5111 849 5166 Cod.
890 5112 948 5167 B.
988 5111 1080 5166 fol.
1125 5112 1410 5168 159—162
1448 5113 1517 5167 ad
1575 5115 1813 5168 tramites
1871 5114 2039 5167 const.
2080 5112 2282 5168 Bened.
2323 5114 2430 5169 XII.
2496 5114 2907 5185 ,Experimento
2964 5115 3283 5171 didicimus‘
3350 5117 3383 5171 l.
3438 5133 3480 5171 c.

722 5202 1065 5257 Lecascheux
1103 5202 1136 5256 l.
1178 5217 1221 5255 c.
1261 5203 1401 5257 hanc
1439 5202 1698 5274 Regulam
1739 5218 1848 5257 non
1888 5203 2124 5256 exhibet.

720 5291 1001 5346 Ottenthal
1040 5292 1072 5346 l.
1111 5306 1156 5345 c.
1196 5306 1247 5361 p.
1292 5292 1357 5346 16
1395 5289 1463 5345 n⁰
1505 5292 1584 5346 10.

718 5381 776 5436 Ρ.
817 5381 920 5435 VII.
962 5379 1033 5434 n⁰
1068 5380 1154 5435 51.
