3688 5825
1959 285 2042 343 56

512 487 954 572 promovendi
1016 491 1317 574 tempore
1385 491 1831 575 promotionis
1904 491 2292 558 huiusmodi
2363 492 2892 578 obtinebunt18);
2964 511 3228 560 necnon
3293 494 3501 560 etiam

512 612 683 678 quae
760 613 878 679 per
946 596 1440 662 assecutionem
1514 596 1860 682 pacificam
1934 615 2492 683 quorumcunque
2564 599 2998 684 prioratuum,
3070 598 3501 685 dignitatum,

510 704 1012 786 personatuum,
1082 702 1481 778 officiorum,
1552 704 2065 770 canonicatuum
2131 708 2197 770 et
2256 704 2806 790 praebendarum,
2856 705 3383 793 ecc1esiarum12)
3432 709 3502 772 et

509 807 987 874 beneficiorum
1060 809 1339 875 aliorum
1414 828 1530 895 per
1591 829 1717 877 nos
1786 810 1894 877 vel
1965 810 2253 877 eundem
2323 811 2655 879 Joannem
2716 812 3299 898 praedecessorem
3372 832 3496 880 seu

507 915 891 981 auctoritate
953 916 1283 981 literarum
1350 920 1722 983 nostrarum
1772 918 1879 984 vel
1927 918 2142 1004 ipsius
2187 917 2470 985 ,loannis
2519 918 3052 1005 praedecessoris
3099 919 3494 986 collatorum

506 1024 569 1086 et
616 1021 1172 1088 conferendorum
1246 1023 1310 1088 in
1385 1027 1747 1108 posterum,
1820 1043 1998 1092 nunc
2052 1026 2355 1092 vacantia
2426 1029 2489 1092 et
2537 1026 2604 1091 in
2654 1028 2848 1093 antea
2895 1030 3221 1106 vacatura,
3293 1026 3494 1113 plena

507 1147 709 1214 super
801 1130 1190 1216 praemissis
1283 1131 1601 1198 omnibus
1693 1135 1756 1198 et
1834 1132 2121 1218 singulis
2198 1151 2348 1199 cum
2420 1132 2727 1201 fratribus
2805 1134 3051 1201 nostris
3130 1133 3492 1201 collatione

504 1236 889 1321 praehabita
962 1240 1026 1303 et
1097 1240 1348 1304 matura
1427 1237 1907 1305 deliberatione
1979 1243 2225 1319 secuta,
2319 1239 2749 1321 ordinationi,
2824 1240 3356 1328 dispositioniw)
3428 1244 3492 1307 et

506 1344 876 1428 provisioni
949 1348 1236 1423 nostrae,
1309 1344 1556 1430 (donec
1627 1345 2077 1412 miserationis
2147 1346 2415 1413 divinae
2484 1346 2837 1414 clementia
2907 1366 3035 1415 nos
3092 1348 3490 1415 universalis

503 1450 823 1517 ecclesiae
910 1451 1217 1536 regimini
1312 1451 1689 1537 praesidere
1781 1453 2232 1539 concesserit,)
2316 1453 2400 1520 de
2478 1455 2776 1540 ipsorum
2854 1455 3121 1521 fratrum
3200 1455 3487 1521 consilio

505 1557 889 1624 auctoritate
961 1556 1349 1643 Apostolica
1421 1577 1858 1638 reservamus,
1938 1558 2371 1627 decernentes
2451 1579 2531 1627 ex
2611 1565 2767 1629 tunc
2837 1562 3087 1628 irritum
3155 1564 3219 1628 et
3287 1562 3486 1629 inane

500 1663 556 1729 si
589 1681 781 1730 secus
816 1683 1022 1750 super
1055 1665 1439 1751 praemissis
1471 1669 1536 1732 et
1569 1666 1875 1751 quolibet
1906 1685 2137 1733 eorum
2175 1686 2293 1754 per
2325 1686 2767 1754 quoscunque
2817 1670 3055 1754 quavis
3103 1670 3485 1737 auctoritate

501 1771 785 1836 scienter
853 1772 957 1838 vel
1030 1772 1415 1858 ignoranter
1481 1773 1836 1858 contigerit
1908 1775 2230 1853 attentari,
2303 1793 2440 1841 non
2489 1775 2916 1842 obstantibus
2965 1776 3482 1862 quibuscunque

497 1878 1092 1945 constitutionibus
1165 1898 1201 1945 a
1275 1878 1905 1965 praedecessoribus
1981 1879 2303 1953 Romanis
2351 1881 2792 1949 Pontificibus
2862 1881 3079 1963 editis,
3151 1886 3480 1968 quatenus

498 1985 827 2050 obsistere
878 1989 1158 2070 possent
1207 2004 1408 2072 super
1454 1986 1768 2052 enarratis
1814 1987 2103 2054 articulis
2150 1987 2254 2054 vel
2304 1988 2497 2056 alicui
2547 1989 2688 2056 sive
2720 1989 3058 2074 aliquibus
3091 1990 3478 2058 eorundem.

495 2088 679 2156 Nulli
752 2109 913 2177 ergo
986 2093 1267 2159 omnino
1339 2094 1688 2160 hominum
1761 2092 1955 2160 liceat
2002 2094 2173 2161 hanc
2221 2096 2536 2181 paginam
2586 2099 2851 2163 nostrae
2899 2098 3369 2164 reservationis
3417 2102 3479 2165 et

498 2198 1002 2265 constitutionis
1036 2199 1392 2286 infringere
1438 2200 1544 2265 vel
1593 2200 1654 2265 ei
1704 2218 1872 2265 ausu
1921 2202 2270 2268 temerario
2318 2202 2664 2269 contraire.
2759 2201 2828 2269 Si
2879 2203 3030 2288 quis
3079 2207 3301 2271 autem
3351 2205 3478 2272 hoc

495 2307 812 2371 attentare
878 2307 1419 2392 praesumpserit,
1482 2305 2017 2391 indignationem
2084 2308 2570 2395 omnipotentis
2618 2308 2745 2376 Dei
2795 2313 2861 2376 et
2906 2311 3253 2378 beatorum
3303 2311 3474 2378 Petri

450 2414 558 2477 .et
606 2410 794 2478 Pauli
842 2411 1323 2498 Apostolorum
1372 2413 1517 2480 eius
1566 2432 1638 2480 se
1687 2414 1947 2480 noverit
1994 2415 2431 2482 incursurum.

707 2535 953 2603 Datum
1024 2536 1359 2604 Avinione
1408 2538 1500 2603 111.
1551 2537 1702 2605 Idus
1763 2537 2155 2622 Januarii21)
2226 2539 2663 2607 pontificatus
2734 2542 2943 2609 nostri
3013 2560 3195 2609 anno
3259 2544 3471 2629 primo

491 2639 1002 2709 MCCCXXXV.

598 2871 666 2940 18)
705 2873 1109 2928 obtinebunt
1138 2874 1582 2944 quovismodo
1603 2878 1665 2930 in
1694 2876 2033 2945 posterum
2062 2878 2371 2933 vacatura
2392 2892 2604 2933 necnon
2630 2909 2701 2917 —
2726 2878 2856 2950 Reg.
2882 2878 3055 2934 Aven.
3077 2910 3143 2918 ——
3167 2881 3468 2936 obtinerent

490 2964 856 3031 quovismodo
893 2965 993 3018 etc.
1033 2963 1102 3027 B;
1143 2963 1207 3018 V.

596 3049 662 3118 19)
703 3053 765 3105 et
801 3052 1234 3107 ecclesiarum
1272 3067 1343 3107 ac
1380 3052 1868 3109 beneficiorum
1906 3085 1976 3094 —-
2015 3055 2150 3126 Reg.
2189 3056 2364 3110 Aven.

702 3141 1047 3196 ecclesiarum
1085 3157 1147 3196 ac
1183 3141 1599 3198 beneficiorum:
1637 3143 1706 3208 B;
1747 3143 1811 3198 V.

595 3227 663 3297 ²⁰)
702 3244 773 3284 ac
809 3261 878 3268 —
917 3230 1047 3302 Reg.
1086 3230 1260 3286 Aven.

593 3318 664 3382 ἠ)
703 3319 903 3388 reliqua
942 3320 1105 3374 verba
1145 3321 1341 3375 desunt
1379 3351 1446 3361 —
1486 3321 1615 3393 Reg.
1657 3321 1831 3378 Aven.
