3688 5825
1650 328 1735 391 43

200 535 477 614 iuribus,
514 554 684 621 quae
718 536 1104 603 auctoritate
1140 536 1672 622 praedecessoris
1700 537 2103 617 sui,Litteris
2135 541 2357 605 tamen
2392 557 2594 624 super
2615 539 2846 625 gratiis
2878 542 3180 626 tempore

197 643 426 709 obitus
464 642 678 728 ipsius
710 642 1058 709 Pontificis
1092 643 1395 710 nondum
1430 644 1771 725 confectiS,
1821 646 2295 731 exspectabant
2328 646 2764 731 praebendaS,
2798 646 3181 733 dignitates,

196 752 602 834 personatus
672 751 777 816 vel
848 749 1067 817 officia
1140 753 1251 816 aut
1321 751 1450 817 alia
1519 770 1987 837 quaecumque
2058 752 2406 831 beneficia,
2479 752 2850 820 dummodo
2900 753 3011 820 illa
3060 772 3181 839 pro

193 860 502 942 tempore
550 858 848 924 vacantia
918 860 982 923 et
1051 858 1150 924 eis
1219 857 1446 925 debita
1515 861 1667 925 ante
1737 858 1915 925 diem
1996 860 2093 926 18.
2141 859 2313 926 Nov.
2370 860 2536 926 1362
2609 864 3065 946 acceptassent
3113 862 3179 927 in

193 964 409 1030 forma
464 964 770 1051 debita.¹)

410 1071 542 1137 Die
589 1090 748 1138 vero
803 1073 901 1139 10.
948 1072 1129 1139 Junii
1188 1073 1413 1159 13632)
1488 1073 1716 1140 omnia
1790 1074 2117 1141 beneficia
2189 1075 2273 1141 ab
2347 1075 2498 1160 ipso
2546 1074 2872 1142 pontifice
2941 1077 3179 1144 collata

192 1178 557 1246 declaravit
603 1182 952 1259 reservata,
1024 1180 1287 1247 etiamsi
1357 1180 1524 1247 forte
1594 1180 1984 1248 huiusmodi
2033 1182 2303 1249 collatio
2359 1201 2478 1260 „ex
2523 1183 2747 1268 aliqua
2794 1201 2994 1250 causa
3043 1202 3180 1250 non

194 1287 446 1353 valeret
492 1287 598 1353 vel
646 1286 954 1353 effectum
1006 1288 1222 1354 sortiri
1271 1305 1408 1354 non
1460 1291 1757 1373 posset“.

411 1412 571 1478 Item
652 1413 1139 1499 patriarchales,
1219 1413 1822 1499 archiepiscopales
1894 1415 2335 1500 episcopaleS,
2408 1414 2773 1482 abbatiales
2844 1416 3178 1495 ecclesia8‚

191 1518 586 1605 dignitateS,
681 1523 1100 1605 personatus,
1216 1522 1669 1600 canonicatus,
1781 1522 2198 1607 praebendas
2302 1521 2564 1607 aliaque
2656 1522 3001 1602 beneficia,
3095 1524 3179 1590 ab

191 1626 666 1693 Innocentio
736 1626 848 1693 VI.
921 1631 1251 1695 reservata
1322 1631 1385 1695 et
1455 1630 1759 1696 vacantia
1827 1632 2189 1715 tempore
2262 1630 2531 1696 obitus
2603 1629 2757 1696 dicti
2832 1628 3179 1697 Pontificis

189 1733 407 1800 voluit
479 1751 629 1800 esse
701 1734 985 1802 affecta
1056 1736 1095 1800 i.
1146 1753 1202 1801 e.
1261 1735 1600 1803 collationi
1673 1735 1959 1810 Romani
2028 1735 2376 1804 Pontific1s
2446 1736 2729 1804 omnino
2800 1737 3178 1824 subiecta.³)

408 1857 543 1924 Die
609 1859 714 1925 30.
761 1858 947 1925 Junii
999 1860 1229 1947 13634)
1295 1862 1793 1947 generaliter
1855 1862 2218 1929 reservavit
2271 1862 2449 1929 idem
2496 1862 2802 1929 Pontifex
2851 1863 3177 1930 beneficia

189 1965 629 2033 collectorum
680 1969 744 2032 et
793 1967 1366 2034 succollectorum.

408 2090 540 2157 Die
588 2091 646 2156 4.
676 2089 848 2177 Aug.
883 2092 1110 2178 13635)
1150 2093 1243 2159 ad
1283 2092 1491 2160 vitae
1539 2092 1713 2161 dies
1748 2094 1876 2160 sibi
1911 2094 2266 2161 reservavit
2298 2113 2538 2161 omnes
2573 2094 3176 2180 patriarchaleS,

189 2198 946 2284 archiepiscopales
1039 2202 1103 2265 et
1194 2200 1712 2286 episcopales
1819 2201 2133 2268 ecclesias
2241 2202 2605 2287 omniaque
2697 2202 3177 2269 monasteria

190 2309 325 2371 tam
376 2305 670 2372 virorum
743 2324 944 2391 quam
1018 2308 1368 2374 mulierum
1449 2308 1747 2385 „etiamsi
1794 2326 1914 2394 per
1960 2309 2235 2394 prioreS,
2311 2310 2754 2395 praepositoS,
2804 2310 3176 2395 priorissaS,

192 2413 721 2498 praepositissas
813 2415 1362 2501 consueveruntss)
1467 2415 1825 2501 gubernari
1937 2416 2417 2502 cuiuscumque
2509 2416 2764 2483 ordinis
2857 2418 3178 2484 exsistant

190 2537 681 2604 quocunque
729 2519 961 2587 modo
1012 2524 1087 2587 et
1133 2523 1585 2607 ubicunque
1635 2540 1814 2590 nunc
1846 2524 2147 2590 vacantia
2195 2527 2261 2590 et
2320 2524 2389 2590 in
2432 2526 2772 2609 posterum
2806 2527 3175 2591 vacatura“.

407 2644 687 2730 Insuper
755 2645 1095 2712 mandavit
1168 2646 1343 2713 idem
1394 2646 1738 2721 Romanus
1786 2646 2116 2728 Pontifex,
2186 2651 2256 2714 ut
2327 2649 2393 2714 in
2460 2649 2720 2716 Litteris
2767 2648 3175 2735 Apostolicis

188 2770 397 2837 super
446 2752 871 2819 ecclesiarum
940 2756 1003 2819 et
1049 2755 1605 2821 monasteriorum
1678 2755 2182 2840 provisionibus
2229 2756 2666 2823 conficiendiS
2715 2757 2783 2822 in
2832 2760 3174 2842 posterum

191 2858 586 2927 huiusmodi
668 2860 1051 2946 specialis
1130 2861 1569 2929 reservatio
1649 2879 1916 2948 semper
1999 2866 2422 2931 enarraretur.
2546 2862 2740 2946 Quae
2819 2865 3173 2932 reservatio

190 2967 508 3052 quamvis
557 2985 673 3052 per
721 2986 794 3034 se
842 2969 925 3034 sit
994 2969 1275 3035 omnino
1346 2970 1774 3055 generalis,
1844 2972 2067 3037 tamen
2118 2971 2185 3036 in
2234 2972 2477 3056 quovis
2524 2990 2681 3038 casu
2731 2971 3029 3039 adhibita
3075 2976 3175 3039 est

192 3075 388 3159 quasi
424 3074 757 3159 specialis.
829 3074 1001 3141 Nam
1033 3076 1592 3162 quotiescumque
1627 3077 1967 3162 provisum
2003 3080 2104 3143 est
2137 3078 2456 3146 ecclesiae
2490 3079 2752 3145 cuidam
2789 3097 2905 3164 per
2930 3078 3172 3146 Sedem

188 3180 654 3268 Apostolicam
727 3201 991 3267 semper
1060 3183 1370 3269 legimus,
1439 3184 1624 3269 quod
1696 3183 1868 3251 dicta
1941 3185 2219 3252 ecclesia
2278 3186 2405 3252 iam
2457 3187 2522 3252 in
2572 3189 2765 3253 antea
2819 3187 3015 3264 „hac“
3069 3187 3173 3254 vel

195 3306 314 3365 ,ea
398 3289 579 3356 vice“
665 3292 996 3356 reservata
1064 3290 1256 3356 fuerit
1322 3290 1756 3377 dispositioni
1827 3290 2023 3358 Sedis
2096 3290 2547 3377 Apostolicae.
2671 3292 2976 3361 Stabilita
3053 3295 3176 3362 hac

188 3396 552 3481 generali
602 3396 1080 3463 beneficiorum
1130 3398 1575 3465 reservatione
1623 3416 1744 3483 pro
1791 3400 1960 3464 tota
2008 3398 2366 3467 Ecclesia
2417 3402 2653 3467 mirum
2705 3419 2844 3467 non
2892 3404 3011 3480 est,
3060 3419 3175 3468 cur

187 3506 448 3570 ceterae
525 3504 1007 3570 reservationes
1086 3505 1433 3589 generales
1512 3506 1578 3571 in
1657 3505 1939 3572 diversis
2016 3507 2354 3573 territoriis
2425 3507 2766 3582 Romanae
2838 3508 3171 3575 Ecclesiae

190 3611 511 3677 subiectis
560 3629 696 3677 non
748 3611 1035 3695 amplius
1083 3611 1322 3678 fuerint
1371 3616 1788 3698 prorogatae.

401 3717 532 3784 Die
574 3719 627 3783 1.
664 3717 845 3802 Sept.
888 3718 1115 3804 13637)
1163 3720 1519 3785 reservavit
1567 3720 1695 3787 sibi
1744 3719 1834 3786 ad
1886 3720 2099 3787 vitae
2148 3720 2319 3788 dies
2369 3722 2821 3807 provisionem
2867 3722 3170 3789 omnium

187 3824 675 3892 beneficiorum
793 3824 1338 3892 Cardinalium
1456 3845 1718 3893 necnon
1836 3826 2247 3894 Officialium
2340 3827 2885 3914 Apostolicorum
2977 3830 3018 3894 i.
3112 3848 3169 3896 e.

186 3933 871 4011 vicecancellarii,
979 3933 1425 4012 camerarii,
1533 3935 2066 4015 notariorum,
2176 3936 2627 4003 auditorum
2722 3937 3166 4003 litterarum

316 4128 364 4193 1)
403 4127 689 4183 Nominata
745 4129 812 4182 sit
867 4129 971 4183 hoc
1024 4129 1145 4181 loco
1201 4129 1361 4181 etiam
1418 4128 1727 4181 constitutio
1783 4127 1986 4183 Urbani
2026 4128 2090 4182 V.
2130 4128 2361 4200 legenda
2419 4132 2473 4184 in
2530 4128 2704 4184 Cena
2761 4129 3022 4183 Domini
3080 4128 3168 4183 die

184 4217 271 4273 30.
310 4218 489 4272 Martii
535 4217 669 4272 1363
725 4216 859 4271 iacta
918 4220 970 4271 in
1022 4217 1361 4271 securitatem
1416 4216 1784 4270 accedentium
1843 4216 1911 4271 ad
1952 4217 2165 4272 Curiam
2205 4218 2498 4279 Romanam
2536 4219 2624 4273 vel
2681 4218 3044 4274 recedentium
3101 4219 3168 4272 ab

185 4308 400 4362 eadem.
427 4337 497 4345 —
522 4306 579 4361 P.
607 4306 714 4361 VII.
751 4305 821 4360 n⁰
852 4305 937 4361 52.
978 4305 1159 4372 Quam
1196 4308 1495 4360 necessaria
1534 4306 1847 4360 huiusmodi
1883 4308 2195 4362 constitutio
2223 4308 2379 4362 dictis
2405 4310 2740 4379 temporibus
2766 4307 2924 4362 fuerit
2948 4309 3169 4377 apparet

185 4412 253 4451 ex
309 4398 544 4451 diversis
599 4399 805 4450 iniuriis
843 4396 1139 4466 Romipetis
1197 4395 1355 4449 illatis
1411 4393 1475 4449 cf.
1518 4394 1862 4449 Lecascheux
1919 4396 1951 4449 l.
1992 4412 2035 4450 c.
2074 4396 2148 4451 n⁰
2202 4397 2323 4452 964.
2398 4396 2482 4452 cf.
2522 4400 2680 4453 etiam
2728 4398 3167 4451 constitutionem

186 4486 443 4556 praedicti
484 4485 761 4540 pontificis
822 4485 1204 4555 ,Apostolatus
1242 4482 1513 4538 officium‘*
1575 4499 1648 4538 sc.
1687 4486 2109 4540 iurisdictionem
2167 4489 2436 4541 camerarii
2493 4486 2546 4542 S.
2601 4487 2657 4547 R.
2697 4486 2755 4540 Ε.
2803 4488 3168 4541 continentem

188 4579 368 4630 contra
408 4576 607 4644 piratas
644 4590 786 4629 nova
823 4574 1055 4646 pedagia
1096 4576 1453 4643 imponentes
1510 4603 1577 4613 —
1640 4573 1775 4628 1363
1813 4573 1936 4629 Oct.
1981 4576 2044 4629 12
2089 4607 2158 4613 —-
2205 4576 2390 4648 Magn.
2430 4575 2568 4630 Bull.
2610 4576 2759 4636 Rom.
2799 4576 2831 4630 l.
2871 4591 2914 4630 c.
2954 4591 3008 4645 p.
3044 4573 3166 4630 520.

316 4666 362 4732 ¹)
402 4663 485 4720 Cf.
526 4664 808 4720 Ottenthal
844 4665 877 4719 l.
917 4680 960 4719 c.
1000 4679 1052 4733 p.
1097 4664 1161 4717 17
1200 4661 1269 4717 n⁰
1310 4663 1446 4727 16b;
1486 4665 1539 4717 in
1578 4661 1714 4718 Cod.
1741 4663 1805 4717 V.
1847 4664 2080 4735 legimus
2125 4665 2316 4728 ,1n.1d
2357 4666 2532 4720 Junii“
2565 4668 2617 4720 et
2643 4665 2868 4720 verbum
2900 4665 3160 4728 „dictum“

193 4756 468 4810 omittitur.

323 4845 370 4915 8)
411 4843 493 4900 Cf.
534 4845 664 4916 Reg.
704 4843 877 4899 Aven.
916 4844 1047 4899 Urb.
1085 4843 1150 4898 V.
1189 4844 1226 4897 t.
1265 4842 1299 4896 4
1335 4842 1425 4896 fol.
1464 4840 1639 4897 58010.
1717 4841 1997 4910 (.Dudum
2036 4842 2104 4897 fe.
2144 4858 2215 4898 re.
2256 4843 2597 4899 Innocentius
2634 4844 2734 4899 PP.
2773 4843 2917 4912 V1.·)

400 4931 540 4988 Cod.
577 4933 637 4988 B.
678 4933 769 4988 fol.
815 4932 916 4989 154
954 4931 1025 4988 n⁰
1066 4932 1181 4988 130.

400 5020 541 5077 Cod.
577 5022 643 5077 V.
683 5022 775 5077 fol.
818 5023 911 5078 101
955 5020 1025 5076 t0.

314 5112 360 5181 ⁴)
403 5110 488 5168 Cf.
529 5112 807 5167 Ottenthal
847 5112 880 5168 I.
919 5127 963 5166 c.
1003 5127 1055 5181 p.
1101 5110 1164 5166 15
1204 5109 1273 5164 n⁰
1308 5109 1399 5165 5a.

317 5202 366 5271 ⁶)
406 5202 611 5257 Ibidem
648 5217 700 5271 p.
746 5202 804 5256 17
847 5200 917 5254 n⁰
959 5201 1037 5256 18.

317 5291 365 5359 6)
404 5291 463 5346 In
504 5289 640 5346 Cod.
678 5290 742 5345 V.
781 5293 1037 5360 scriptum
1075 5290 1325 5344 videmus
1369 5289 1484 5353 ¹,vel
1523 5290 1952 5343 consueverint.“

318 5380 362 5449 ⁷)
405 5380 687 5436 Ottenthal
725 5381 757 5434 1.
795 5396 841 5434 c.
880 5395 932 5449 p.
978 5380 1042 5435 18
1081 5377 1154 5433 n⁰
1194 5381 1274 5434 19.
