3688 5825
1944 1322 2058 1401 IV.

511 1652 873 1733 Litterae
902 1651 1439 1761 Apostolicae
1478 1650 2075 1731 reservatoriae
2113 1649 2550 1760 generales
2592 1662 2859 1730 extra
2888 1676 3229 1758 corpus
3262 1648 3498 1730 iuris

510 1826 978 1924 vagantes
1024 1839 1074 1893 a
1120 1812 1553 1895 Clemente
1603 1813 1745 1893 IV.
1799 1838 2067 1921 usque
2122 1811 2230 1892 ad
2271 1811 2735 1917 Johannem
2785 1809 3048 1890 XXII.
3107 1810 3489 1891 emissae.

1684 1991 2320 2082 (1265—1316.)

723 2442 904 2572 ..lam
985 2501 1299 2569 Clemens
1378 2502 1502 2568 ΡΡ.
1583 2503 1682 2570 IV.
1757 2503 1865 2570 die
1943 2506 1995 2570 l.
2053 2503 2212 2570 Julii
2298 2503 2464 2569 1265
2543 2502 2896 2570 Ottobono
2977 2501 3253 2588 Flisco¹)
3324 2502 3497 2568 tituli

513 2614 578 2681 S.
628 2613 899 2681 Adriani
948 2614 1253 2681 Diacono
1302 2612 1637 2681 Cardinali
1709 2616 1775 2680 in
1850 2616 2148 2701 partibus
2195 2614 2500 2700 Angliae,
2552 2616 2617 2680 in
2690 2633 2898 2700 regno
2949 2614 3211 2681 Scotiae
3284 2633 3358 2681 ac
3431 2616 3496 2680 in

511 2722 747 2789 Wallia
840 2725 905 2787 et
997 2722 1202 2789 Iberia
1303 2723 1578 2806 „plenae
1674 2722 2069 2807 legationis“
2169 2722 2462 2789 officium
2559 2723 2886 2789 obtinenti
2982 2723 3333 2809 scripsit,2)
3426 2741 3500 2788 se

514 2829 1033 2916 archiepiscopis
1067 2833 1130 2895 et
1163 2828 1523 2915 episcopis,
1572 2830 1950 2908 abbatibus,
2002 2830 2354 2916 prioribus,
2390 2829 2682 2908 decaniS,
2717 2830 3201 2896 archidiaconis
3245 2833 3308 2896 et
3350 2829 3501 2896 aliis

514 2937 938 3006 ecclesiarum
991 2937 1299 3023 praelatis
1340 2955 1602 3002 necnon
1637 2936 1967 3023 capitulis,
2016 2938 2459 3004 conventibus
2493 2941 2557 3003 et
2589 2938 2892 3023 collegiis
2941 2939 3498 3004 monasteriorum

514 3049 578 3110 et
621 3045 1044 3111 ecclesiarum
1094 3047 1226 3110 tam
1277 3044 1748 3110 cathedralium
1802 3063 2003 3129 quam
2055 3045 2324 3111 aliarum
2378 3044 2534 3111 dicti
2568 3045 2754 3130 regni
2789 3043 3070 3129 Angliae
3120 3045 3500 3122 mandasse,

515 3170 599 3217 ne
694 3151 775 3218 ad
869 3152 1259 3217 electionem
1355 3151 2039 3237 archiepiscoporum,
2133 3152 2636 3237 episcoporum,
2731 3153 3077 3230 abbatum,
3182 3152 3500 3236 priorum,

515 3259 919 3325 decanorum
990 3261 1101 3324 aut
1172 3258 1547 3344 aliquorum
1616 3259 1895 3325 aliorum
1972 3259 2073 3324 vel
2146 3259 2227 3324 ad
2301 3259 2722 3344 provisiones
2793 3262 2905 3325 aut
2965 3259 3358 3327 collationes
3415 3258 3502 3324 de

515 3366 855 3451 aliquibus
928 3367 1397 3451 personatibus
1468 3367 1570 3432 vel
1643 3366 2084 3451 dignitatibus
2153 3364 2493 3432 iaciendas
2580 3364 2934 3451 procedere
3007 3364 3500 3450 quoquomodo

518 3476 1037 3559 praesumerent,
1111 3476 1470 3557 antequam
1560 3471 1894 3538 mandatis
1971 3473 2111 3538 suis
2184 3491 2272 3539 sc.
2325 3472 2550 3557 Legati
2632 3475 2697 3537 et
2745 3472 3079 3538 Ecclesiae
3159 3471 3501 3545 Romanae

518 3581 914 3666 paruissent.
1015 3580 1223 3658 „Nos
1263 3580 1468 3646 enim
1506 3580 1818 3645 interim
1859 3579 2334 3659 electiones,
2367 3579 2848 3647 collationes
2882 3583 2953 3645 et
2990 3580 3503 3665 provisiones

518 3687 974 3754 huiusmodi
1057 3686 1475 3752 donationi
1548 3684 2066 3772 Apostolicae
2144 3690 2663 3766 reservanteS,
2743 3686 3251 3752 decernimus
3330 3690 3491 3752 etc.“

783 3829 977 3910 Quae
1066 3829 1419 3896 reservatio
1502 3829 1838 3915 generalis
1919 3830 1984 3894 in
2074 3848 2282 3915 regno
2374 3827 2656 3915 Angliae
2744 3833 3043 3915 tempore
3136 3829 3498 3913 legationis

519 3937 889 4024 praedictae
938 3937 1083 4003 sine
1133 3936 1341 4003 dubio
1391 3937 1678 4003 maxima
1735 3955 1814 4003 ex
1865 3940 2046 4022 parte
2125 3936 2292 4002 iacta
2342 3939 2444 4002 est
2491 3955 2571 4002 ex
2618 3936 2838 4002 causis
2911 3936 3373 4022 politiciS‚⁸)
3434 3939 3503 4001 ut

519 4064 635 4131 per
661 4045 992 4130 praelatos
1026 4044 1503 4111 auctoritate
1550 4042 2022 4130 Apostolica
2051 4060 2186 4109 non
2222 4043 2581 4109 factionum
2610 4043 2672 4108 vi
2709 4043 2957 4109 electos
2990 4042 3246 4109 facilius
3282 4061 3411 4127 pax
3438 4047 3505 4108 et

515 4151 957 4237 tranquillitas
1036 4152 1481 4218 restitueretur
1572 4152 1637 4217 in
1731 4169 1940 4237 regno
2020 4148 2302 4236 Angliae
2409 4151 2629 4236 „gravi
2729 4150 3008 4215 nimium
3081 4150 3496 4216 turbatione“

519 4260 820 4326 lacerato.
914 4257 1257 4325 Praeterea
1318 4258 1532 4325 eidem
1608 4259 1861 4344 Legato
1932 4258 2041 4323 die
2096 4257 2138 4323 5
2186 4257 2347 4323 Maii
2406 4255 2639 4342 12654)
2711 4274 3031 4323 concessa
3079 4259 3179 4323 est
3225 4255 3503 4323 facultas

644 4545 685 4613 1)
727 4544 834 4611 Qui
874 4546 1062 4613 postea
1102 4544 1264 4611 (1276
1299 4544 1423 4599 Julii
1468 4546 1569 4612 11.)
1609 4544 1812 4598 electus
1852 4544 1936 4598 est
1974 4541 2124 4601 Rom.
2165 4540 2411 4596 Pontifex
2451 4541 2739 4610 (Adrianus
2776 4540 2881 4610 V.).

643 4633 689 4702 ἵ)
728 4634 856 4705 Reg.
898 4632 1015 4687 Vat.
1055 4634 1091 4687 t.
1129 4633 1199 4688 32
1238 4632 1310 4686 n⁰
1350 4633 1466 4687 117.

730 4723 931 4778 Jordan
971 4723 1003 4776 1.
1045 4738 1088 4776 c.
1128 4720 1197 4776 n⁰
1240 4723 1355 4777 118.

643 4811 687 4882 ³)
726 4812 937 4875 Helele,
975 4811 1570 4882 Conciliengeschichte
1609 4810 1676 4864 Vl
1714 4826 1765 4879 p.
1806 4810 1876 4864 76
1913 4826 2033 4880 sqq.

735 4902 966 4973 Lingard
1005 4903 1036 4955 l.
1076 4917 1119 4955 c.
1167 4901 1264 4956 125
1303 4915 1431 4970 sqq;
1474 4900 1572 4954 147
1612 4915 1730 4969 sqq.

644 4992 691 5061 ⁴)
732 4992 861 5063 Reg.
902 4990 1020 5045 Vat.
1060 4996 1095 5045 t.
1135 4990 1204 5045 32
1244 4988 1314 5044 n⁰
1351 4989 1434 5044 70.

731 5080 933 5137 Jordan
973 5080 1005 5133 1.
1046 5095 1089 5134 c.
1130 5078 1203 5133 n0
1239 5079 1324 5134 72.

734 5170 818 5226 De
856 5170 973 5224 aliis
1010 5169 1352 5224 facultatibus
1390 5172 1523 5223 circa
1560 5167 1947 5222 beneficiorum
1987 5169 2351 5235 provisionem
2392 5167 2569 5220 eidem
2611 5166 2811 5236 Legato
2851 5165 2990 5219 datis

735 5259 815 5316 Cf.
855 5260 984 5331 Reg.
1027 5259 1145 5314 Vat.
1184 5260 1217 5314 1.
1258 5275 1301 5313 c.
1342 5259 1411 5312 n⁰
1447 5259 1509 5313 71
1558 5282 1620 5304 --
1657 5256 1857 5313 Jordan
1900 5256 1931 5310 l.
1972 5271 2015 5310 c.
2055 5256 2124 5309 n⁰
2160 5256 2229 5310 73

1344 5348 1621 5404 n⁰72=
1749 5371 1770 5392 ε
1900 5370 1919 5390 =
1975 5370 1994 5390 ι
2073 5374 2086 5389 ·
2149 5346 2234 5399 74.
