3688 5825
1636 320 1721 384 89

192 528 351 595 dicti
431 516 685 596 biennii
765 546 980 614 usque
1041 528 1125 596 ad
1188 528 1363 597 duos
1439 548 1659 598 annos
1735 534 1976 598 extunc
2053 530 2355 615 proxime
2418 531 2979 619 subsequentes4)
3041 534 3167 599 sub

188 634 447 702 eisdem
520 633 743 702 modis
760 635 815 723 ⁵)
864 638 928 702 et
995 636 1510 704 condicionibus
1582 637 2005 704 extendimus
2072 639 2302 705 tenore
2350 639 2767 724 presencium
2832 642 2896 706 et
2957 640 3168 706 eciam

193 761 661 829 prorogamus.
754 742 936 809 Nulli
985 762 1148 830 ergo
1197 746 1318 811 etc.

405 867 651 936 Datum
700 866 1034 936 Avinione
1079 868 1181 935 Vl.
1233 868 1385 936 idus
1433 868 1773 937 Februarii
1822 889 1880 937 a.
1932 873 2187 956 quarto.

323 1082 373 1152 ²)
412 1082 589 1136 deest:
630 1081 694 1137 V.

318 1171 368 1242 ἵ)
408 1171 473 1228 cf.
512 1172 589 1227 n⁰
623 1172 709 1228 34.

311 1259 365 1331 ⁸)
406 1262 643 1317 decreta:
682 1262 748 1316 V.

316 1351 367 1421 ⁴)
406 1353 816 1421 subsequentis:
858 1351 922 1406 V.

314 1440 361 1511 ⁶)
401 1440 593 1495 modo:
634 1440 698 1495 V.

195 1780 331 1835 1344
370 1780 494 1835 oct.
538 1781 583 1834 1.
1628 1675 1754 1755 36'

189 1868 326 1925 Cod.
367 1869 429 1923 B.
469 1868 559 1923 fol.
606 1869 896 1925 122—123.

190 2048 583 2133 Relaxacio
658 2074 799 2152 pro
869 2052 1468 2152 exspectantibus
1538 2052 1632 2131 ad
1703 2053 2084 2131 biennium
2156 2053 2251 2131 de
2315 2054 2694 2132 beneficiis
2760 2057 3166 2133 reservatis.

525 2191 882 2272 Clemens
939 2198 1342 2295 episcopus
1401 2197 1534 2272 etc.
1648 2192 1772 2273 Ad
1828 2195 2147 2273 futuram
2209 2201 2308 2274 rei
2367 2200 2829 2274 memoriam.

406 2350 810 2425 Romanus
860 2353 1227 2438 pontifex
1276 2353 1670 2438 plerumque
1731 2356 1922 2439 gesta
1970 2354 2074 2420 vel
2122 2354 2424 2421 ordinata
2491 2373 2607 2440 per
2675 2373 2829 2421 eum
2908 2359 3172 2423 revocat

189 2476 308 2524 seu
358 2461 726 2525 commutat
760 2461 826 2525 in
881 2459 1141 2538 meliuS,
1177 2462 1373 2545 prout
1420 2460 1647 2546 auriga
1682 2461 1969 2528 racionis
2004 2461 2227 2546 previa
2277 2462 2406 2528 hoc
2450 2462 2778 2547 conspicit
2826 2463 3173 2529 salubriter

188 2568 252 2631 et
299 2566 543 2632 utiliter
589 2565 919 2651 expedire.
993 2564 1164 2632 Cum
1201 2567 1443 2652 itaque,
1478 2567 1647 2633 sicut
1695 2586 1772 2634 ea
1820 2566 2314 2653 fidedignorum
2367 2569 2694 2635 relacione
2728 2568 3180 2654 percepimus,-

190 2675 463 2758 propter
539 2673 1035 2739 reservaciones
1106 2673 1188 2739 de
1266 2674 1460 2740 certis
1526 2675 2028 2741 canonicatibus
2100 2678 2165 2741 et
2235 2675 2594 2761 prebendis
2671 2694 2747 2742 ac
2825 2676 3170 2743 beneficiis

188 2779 657 2846 ecclesiasticis
709 2779 1150 2865 disposicioni
1200 2785 1423 2847 nostre
1470 2799 1546 2847 ac
1593 2781 1774 2847 sedis
1824 2782 2192 2866 apostolice
2243 2800 2360 2867 per
2405 2801 2531 2849 nos
2578 2783 2802 2863 factas,
2856 2783 3075 2868 plures
3109 2785 3173 2849 et

188 2887 451 2954 diverse
525 2905 813 2973 persone
884 2888 1347 2967 ecclesiastice,
1427 2888 1673 2973 quibus
1740 2888 1822 2954 de
1903 2889 2407 2957 canonicatibus
2484 2908 2634 2957 cum
2715 2890 3170 2958 reservacione

192 2994 681 3080 prebendarum
757 2995 822 3060 in
896 2995 1175 3061 diversis
1246 2999 1377 3062 tam
1451 2995 1940 3062 cathedralibus
2013 3015 2210 3081 quam
2284 2998 2655 3083 collegiatis
2704 2998 3003 3065 ecclesiis
3052 3016 3170 3064 seu

188 3104 400 3169 eciam
453 3101 536 3168 de
586 3102 929 3168 beneficiis
995 3102 1459 3169 ecclesiasticis
1508 3120 1657 3168 cum
1707 3120 1859 3169 cura
1907 3102 2011 3168 vel
2084 3103 2228 3170 sine
2276 3121 2451 3183 cura,
2523 3105 2579 3170 si
2627 3107 2786 3172 tunc
2849 3106 3172 3171 vacabant

188 3210 287 3276 vel
341 3228 493 3275 cum
545 3213 851 3276 vacarent
898 3209 965 3274 in
1001 3209 1281 3275 diversis
1316 3208 1546 3274 mundi
1583 3209 1901 3294 partibus,
1952 3227 2069 3295 per
2115 3214 2378 3277 nostras
2425 3212 2578 3277 certi
2627 3212 2878 3278 tenoris
2927 3213 3171 3278 litteras

187 3320 319 3382 tam
389 3316 457 3381 in
521 3316 792 3401 speciali
867 3334 1065 3401 quam
1148 3316 1212 3381 in
1292 3316 1632 3382 communi
1711 3316 1924 3382 forma
2003 3318 2388 3384 auctoritate
2466 3319 2838 3403 apostolica
2914 3319 3170 3403 gracias

188 3423 507 3489 duximus
577 3422 1063 3501 concedendaS,
1137 3422 1510 3507 prebendas
1580 3426 1646 3489 et
1718 3423 2042 3514 beneficia
2122 3424 2507 3490 huiusmodi
2590 3427 3016 3510 expectantes
3086 3426 3170 3491 ab

187 3530 627 3597 assecucione
685 3529 1002 3595 dictarum
1059 3530 1448 3614 graciarum,
1525 3529 1621 3595 eis
1698 3548 1814 3614 per
1892 3547 2038 3607 nOS,
2118 3532 2186 3595 ut
2265 3530 2601 3615 prefertur,
2680 3549 3170 3609 concessarum,

186 3637 453 3704 diucius
523 3637 764 3702 fuerint
855 3636 1194 3715 retardate,
1289 3639 1557 3722 propter
1648 3636 1830 3721 quod
1904 3635 2135 3702 eedem
2231 3654 2538 3721 persone,
2613 3640 2684 3704 ut
2778 3639 3173 3724 premittitur

185 3746 675 3829 exspectanteS,
748 3762 829 3808 ex
900 3743 1211 3828 predictis
1280 3743 1522 3828 graciis
1593 3742 1847 3808 nullum
1920 3742 2137 3809 adhuc
2220 3740 2653 3810 commodum
2738 3748 3170 3830 reportarunt,

188 3851 523 3936 quinymo
572 3850 833 3916 labores
884 3851 1230 3917 subierunt
1278 3850 1603 3935 plurimos
1637 3852 1700 3915 et
1734 3867 2086 3934 expensas.
2179 3849 2325 3916 Nos
2367 3850 2621 3916 eisdem
2666 3852 3171 3937 expectantibus

189 3959 307 4043 pio
360 3958 427 4022 in
481 3957 601 4022 hac
665 3961 847 4041 parte
911 3958 1406 4043 compacientes
1478 3956 1714 4022 affectu
1764 3973 1840 4021 ac
1886 3955 2252 4040 cupientes,
2324 3959 2396 4022 ut
2451 3956 2742 4042 predicte
2788 3958 3007 4043 gracie
3057 3976 3175 4043 per

188 4082 317 4130 nos
353 4064 477 4141 eis,
527 4067 595 4127 ut
629 4063 965 4148 prefertur,
999 4081 1317 4130 concesse
1351 4081 1547 4128 suum
1584 4063 1952 4129 sorciantur
1983 4061 2310 4141 effectum,
2360 4064 2672 4129 volumus
2704 4067 2770 4129 et
2801 4065 3171 4149 apostolica

187 4171 582 4237 auctoritate
652 4171 1092 4248 decernimus,
1165 4169 1369 4255 quod,
1443 4170 1957 4255 quibuscunque
2005 4169 2576 4236 reservacionibus
2625 4171 3029 4255 specialibus
3087 4171 3170 4238 de

186 4279 384 4344 certis
456 4278 959 4344 canonicatibus
1030 4282 1094 4344 et
1161 4277 1520 4362 prebendis
1591 4276 2001 4361 singularum
2075 4278 2138 4342 et
2206 4279 2524 4342 certarum
2597 4295 3028 4361 personarum
3102 4278 3169 4343 in

185 4384 683 4452 cathedralibus
731 4385 834 4450 vel
882 4384 1257 4470 collegiatis
1328 4384 1625 4450 ecclesiis
1698 4384 2213 4468 quibuscunque
2285 4401 2403 4449 seu
2453 4382 2536 4449 de
2584 4385 2776 4450 certis
2824 4384 3169 4451 beneficiis

185 4491 661 4559 ecclesiasticis
709 4496 1027 4557 certarum
1080 4509 1514 4576 personarum
1564 4509 1713 4556 cum
1763 4508 1917 4557 cura
1966 4491 2067 4556 vel
2118 4489 2263 4556 sine
2311 4509 2463 4557 cura
2513 4508 2630 4576 per
2677 4510 2803 4557 nos
2852 4491 3168 4558 hactenus

186 4599 383 4665 factis
434 4601 546 4664 aut
595 4598 660 4663 in
712 4601 1053 4683 posterum
1104 4597 1428 4664 faciendis
1477 4615 1906 4682 nequaquam
1960 4598 2409 4677 obstantibus,
2460 4597 2688 4683 prefati
2747 4600 3170 4683 expectantes

188 4709 541 4792 presentes
591 4705 831 4789 pariter
877 4709 941 4771 et
988 4706 1206 4782 futuri,
1280 4704 1653 4790 prebendas
1701 4707 1834 4770 tam
1887 4706 1953 4770 in
2012 4704 2501 4772 cathedralibus
2551 4724 2751 4790 quam
2799 4705 3170 4791 collegiatis

187 4810 494 4879 ecclesiis
552 4810 968 4895 supradictis,
1043 4830 1307 4877 necnon
1358 4811 1683 4877 beneficia
1755 4811 2200 4877 ecclesiastica
2249 4829 2399 4876 curn
2449 4830 2601 4877 cura
2649 4811 2752 4876 vel
2804 4812 2948 4877 sine
2996 4830 3169 4890 cura,

189 4938 323 5004 que
375 4919 608 5002 vigore
656 4918 976 4984 dictarum
1026 4918 1385 4985 litterarum
1434 4922 1806 4985 nostrarum
1853 4921 2239 5003 exspectant
2286 4935 2404 4984 seu
2447 4918 2657 4984 eciam
2706 4919 3168 5003 expectabunt,

190 5043 485 5111 quorum
558 5025 828 5109 quidem
902 5025 1377 5091 beneficiorum
1428 5024 1694 5104 fructuS‚
1768 5025 2064 5091 redditus
2135 5028 2199 5091 et
2269 5028 2633 5110 proventus
2681 5026 2736 5090 si
2794 5042 2943 5090 cum
3014 5042 3170 5090 cura

190 5131 546 5217 sexaginta
615 5132 669 5197 si
742 5150 897 5197 vero
966 5132 1112 5197 sine
1181 5150 1333 5198 cura
1405 5132 1846 5217 quadraginta
1920 5131 2228 5197 librarum
2275 5130 2767 5198 Turonensium
2818 5149 3168 5216 parvorum

192 5238 570 5307 secundum
617 5238 1030 5304 taxacionem
1083 5238 1339 5305 decime
1388 5239 1679 5305 valorem
1729 5256 2027 5303 annuum
2078 5256 2214 5304 non
2249 5237 2588 5318 excedant,
2639 5237 2918 5323 proinde
2968 5238 3169 5304 libere

189 5347 537 5433 acceptare
587 5347 652 5410 et
698 5344 781 5409 de
832 5345 997 5430 ipsis
1031 5345 1159 5411 sibi
1210 5343 1538 5430 provideri
1590 5344 1799 5411 facere
1848 5346 2110 5411 valeant
2142 5363 2218 5412 ac
2250 5345 2305 5411 si
2342 5343 2630 5430 predicte
2679 5345 3171 5411 reservaciones

2896 5470 2924 5523 7
