3688 5825
1915 258 2001 316 40

468 463 825 529 exsistant“
882 481 1019 528 non
1076 462 1398 547 attingere
1448 462 1567 528 sed
1617 463 1763 529 illas
1811 462 1930 548 (sc.
1967 461 2414 549 praebendas)
2465 480 2732 528 manere
2782 461 3071 529 affectas.
3167 461 3238 529 Si
3287 481 3452 529 vero

469 568 858 635 huiusmodi
917 567 1338 653 praebendae
1387 573 1454 635 et
1514 569 1877 655 dignitates
1955 571 2040 636 ab
2118 588 2251 635 una
2319 569 2691 654 eademque
2749 586 3039 653 persona
3088 587 3455 654 possessae

469 679 653 742 erant
688 676 753 741 in
798 676 1078 742 diversis
1112 676 1431 753 ecclesiis,
1465 679 1622 743 tunc
1656 677 2013 744 occasione
2039 677 2407 743 vacationis
2439 675 2652 743 dictae
2687 675 3108 761 praebendae
3142 679 3456 761 poterant

470 784 815 868 acceptari,
895 783 1154 849 etiamsi
1235 783 1398 849 alias
1482 786 1710 850 essent
1786 784 2196 869 dispositoni
2268 783 2461 850 Sedis
2520 781 2950 868 Apostolicae
2999 781 3452 869 reservatae.¹)

676 908 953 974 Maximi
1077 926 1234 974 vero
1362 909 1684 974 momenti
1813 908 1935 974 fuit
2056 908 2390 975 decretum
2521 906 3102 993 „Apostolicae
3217 906 3453 974 Sedis

471 1014 1100 1101 providentia“²)
1172 1014 1279 1081 die
1328 1016 1390 1081 6.
1441 1014 1601 1082 Dec.
1660 1015 1817 1081 1351
1876 1016 2396 1101 promulgatum,
2468 1034 2585 1100 per
2649 1014 2834 1100 quod
2907 1014 3083 1080 idem
3141 1014 3454 1083 Pontifex

473 1140 749 1188 omnes
821 1123 1412 1188 reservationes
1483 1122 1565 1188 de
1635 1123 2142 1190 canonicatibus
2203 1126 2268 1189 et
2315 1122 2718 1208 praebendis
2768 1122 2835 1187 in
2884 1121 3183 1188 ecclesiis
3230 1122 3452 1189 cathe-

470 1228 767 1295 dralibus
816 1232 881 1295 et
927 1229 1298 1314 collegiatis
1348 1247 1613 1296 necnon
1662 1229 1745 1296 de
1795 1230 1943 1296 aliis
1991 1229 2339 1296 beneficiis
2386 1248 2536 1296 cum
2585 1247 2741 1297 cura
2787 1230 2891 1295 vel
2955 1229 3101 1295 sine
3165 1247 3321 1297 cura
3382 1231 3453 1296 in

475 1336 758 1403 diversis
831 1335 1061 1402 mundi
1135 1337 1435 1421 partibus
1508 1355 1696 1413 „cum
1767 1340 2109 1403 vacarent“
2186 1337 2396 1417 factiS,
2457 1336 2542 1403 de
2605 1337 2853 1420 quibus
2901 1335 3202 1401 nondum
3254 1337 3454 1403 alicui

472 1447 609 1509 erat
683 1444 1049 1528 provisum,
1129 1443 1513 1510 auctoritate
1591 1443 1983 1528 Apostolica
2030 1443 2453 1509 revocavit.
2562 1443 2840 1509 Minime
2888 1446 3112 1509 tamen
3186 1443 3252 1508 in
3324 1444 3457 1510 hoc

471 1549 738 1617 decreto
810 1551 1172 1635 dignitates
1243 1553 1307 1616 et
1376 1553 1776 1635 personatus
1847 1553 1911 1616 et
1981 1550 2307 1617 beneficia
2381 1552 2644 1616 curata
2692 1550 2903 1616 voluit
2972 1550 3455 1634 comprehendi

473 1676 596 1723 nec
665 1657 838 1723 dicta
908 1657 1233 1724 beneficia
1302 1660 1605 1742 tempore
1677 1656 2066 1723 huiusmodi
2124 1656 2568 1723 revocationis
2640 1656 2788 1722 iam
2848 1657 3213 1723 vacantia
3268 1659 3454 1734 „ubi-

473 1782 739 1848 cunque
787 1768 851 1830 et
912 1763 1569 1848 quomodocunque“
1638 1766 1722 1831 ab
1785 1763 2136 1830 affectione
2200 1764 2403 1830 libera
2453 1762 2827 1842 declaravit,
2899 1764 3091 1831 sicuti
3139 1782 3456 1850 expresse

374 1884 377 1887 ’
474 1872 582 1938 die
637 1872 736 1937 11.
784 1870 1050 1938 Martii
1108 1871 1342 1954 13523)
1391 1874 1708 1938 statutum
1759 1874 1879 1938 est.

600 2086 641 2153 1)
680 2085 760 2139 Ex
775 2084 1227 2140 declarationibus
1247 2087 1664 2140 reservationem
1683 2083 2072 2139 beneficiorum
2093 2084 2314 2155 regula
2329 2087 2488 2139 rium
2511 2084 2923 2153 respicientibus
2944 2083 3084 2138 duae
3108 2084 3457 2139 adnotandae

475 2175 616 2239 sunt,
658 2189 796 2243 quae
825 2175 1180 2229 intitulantur:
1216 2174 1566 2238 ¹,Declarati0,
1605 2174 1753 2242 quod
1793 2176 2067 2227 reservato
2102 2173 2372 2228 beneficio
2398 2188 2663 2242 personae
2690 2174 2966 2245 regulariS,
3003 2173 3151 2242 quod
3174 2172 3459 2227 obtinebat

476 2267 527 2317 in
567 2263 705 2327 loc0,
747 2265 799 2316 in
840 2279 950 2333 quo
988 2265 1097 2317 erat
1134 2265 1311 2317 certus
1348 2277 1620 2325 numeruS,
1660 2262 1873 2326 locuS,
1912 2276 2074 2331 quem
2113 2262 2349 2316 habebat
2388 2264 2440 2316 in
2467 2263 2588 2317 loco
2616 2265 2736 2332 ipso
2762 2263 2858 2331 (sc.
2888 2262 2977 2319 ubi
3006 2261 3459 2329 commorabatur)

474 2355 547 2407 sit
602 2367 669 2406 eo
706 2355 827 2422 ipso
867 2355 1217 2407 reservatus·
1261 2383 1330 2390 —
1372 2350 1508 2406 1345
1559 2350 1688 2405 Okt.
1736 2351 1814 2406 10.
1856 2381 1924 2389 ——
1961 2351 2173 2405 Titulus
2210 2351 2298 2405 hic
2336 2352 2574 2406 remanet
2611 2354 2743 2406 satis
2789 2351 3069 2416 obscuruS,
3108 2352 3209 2405 nisi
3247 2351 3457 2405 textum

476 2445 653 2511 ipsum
694 2443 964 2511 inspicias

689 2529 827 2586 Cod.
867 2530 909 2585 B
949 2531 1038 2585 101.
1082 2529 1376 2585 117-118.

688 2618 825 2674 Cod.
864 2619 928 2674 V.
968 2618 1061 2673 101.
1099 2618 1247 2674 8810.

691 2708 747 2763 P.
786 2708 916 2763 VIII.
956 2706 1027 2762 n⁰
1062 2707 1148 2763 39.

689 2797 754 2851 Et
794 2797 1143 2861 „Declarati0,
1181 2797 1328 2866 quod
1356 2797 1471 2850 loca
1511 2795 1830 2866 regularium
1871 2796 2071 2849 certum
2109 2810 2391 2849 numerum
2433 2796 2746 2850 habentium
2787 2798 3094 2851 remaneant
3133 2799 3457 2852 reservata·.

482 2886 617 2942 1346
654 2885 853 2956 Aprilis
897 2885 976 2941 13.

690 2974 826 3030 Cod.
867 2975 909 3030 B
949 2975 1041 3030 101.
1086 2974 1379 3030 118-119.

691 3063 829 3120 Cod.
870 3065 919 3120 V
958 3063 1048 3120 101.
1088 3065 1174 3120 89.

689 3153 746 3208 P.
786 3154 878 3209 VII
916 3153 991 3209 n⁰
1024 3155 1111 3209 40.

691 3243 855 3298 Porro
895 3243 1040 3298 haud
1079 3244 1261 3314 exigui
1301 3244 1559 3297 momenti
1587 3246 1669 3297 est
1695 3242 1969 3297 decretum
1996 3258 2097 3297 sc.:
2144 3243 2403 3307 ,Provida
2430 3245 2630 3308 sedis‘,
2670 3243 2818 3314 quod
2845 3245 3050 3299 tantum
3079 3246 3130 3298 in
3158 3243 3462 3315 fragmento

476 3333 838 3402 possidemus.
868 3363 937 3371 -
968 3333 1101 3386 1346
1126 3332 1244 3387 Jan.
1271 3335 1322 3387 4.
1352 3363 1418 3370 —
1441 3331 1588 3403 [Reg.
1630 3331 1749 3386 Vat.
1787 3333 1823 3387 t.
1866 3332 1971 3387 216
2010 3332 2102 3401 (de
2124 3331 2304 3401 Curia)
2343 3331 2433 3387 101.
2478 3335 2499 3388 1
2544 3349 2596 3388 n.
2640 3334 2684 3387 1.
2712 3363 2782 3371 -—
2809 3333 2863 3387 P.
2902 3333 3011 3388 VII.
3050 3330 3125 3387 n⁰
3159 3332 3266 3402 41.]
3326 3333 3462 3387 Illud

484 3423 628 3476 enim
667 3425 954 3491 praecipue
991 3423 1200 3491 spectat
1246 3421 1315 3475 ad
1355 3421 1748 3475 abbreviandas
1787 3421 1909 3475 lites
1948 3421 2017 3476 de
2055 3424 2137 3486 iis,
2196 3437 2334 3491 quae
2373 3424 2424 3475 in
2466 3422 2673 3476 Litteris
2711 3422 3042 3491 Apostolicis
3080 3423 3358 3477 narrantur
3395 3422 3463 3476 de

480 3512 938 3566 reservationibus
978 3514 1082 3565 iam
1122 3510 1275 3565 Iactis
1314 3525 1343 3564 a
1380 3499 1627 3565 ,Iohanne
1664 3510 1816 3565 XXII.
1855 3512 1944 3565 vel
1983 3510 2280 3566 Benedicto
2318 3511 2422 3565 XII.
2497 3511 2914 3566 postulabantur
2949 3514 3092 3566 enim
3149 3514 3203 3565 in
3262 3512 3464 3565 iudicio

479 3601 546 3654 ab
587 3602 667 3664 iis,
708 3600 906 3668 quibus
940 3616 969 3654 a
1009 3598 1291 3654 Clemente
1317 3599 1401 3653 VI.
1442 3602 1497 3653 vi
1524 3599 1806 3654 cuiusdam
1846 3602 2223 3655 reservationis
2260 3616 2289 3654 a
2328 3599 2834 3670 praedecessoribus
2862 3603 2979 3654 suis
3004 3600 3158 3655 factis
3184 3600 3254 3655 de
3279 3601 3465 3669 aliquo

478 3688 748 3743 beneficio
816 3690 1094 3758 provisum
1163 3691 1289 3752 erat,
1346 3690 1553 3757 praeter
1602 3688 1826 3743 Litteras
1869 3688 2215 3758 Apostolicas
2265 3692 2426 3744 etiam
2476 3690 2649 3744 aliae
2709 3690 3145 3759 probationes
3190 3720 3263 3728 -
3314 3689 3464 3760 quod

479 3778 857 3848 probationum
916 3792 1054 3831 onus
1112 3793 1141 3831 a
1197 3777 1381 3831 multis
1437 3792 1546 3830 non
1607 3779 1782 3847 potuit
1819 3779 2090 3833 sustineri.
2147 3777 2330 3844 Quare
2368 3778 2658 3833 declaravit
2693 3778 2959 3844 Pontifex,
2994 3779 3251 3834 omnibus
3288 3794 3464 3833 narra·

487 3867 728 3920 tionibus
766 3869 818 3920 in
858 3867 1014 3921 dictis
1054 3866 1280 3930 Litteris,
1320 3880 1484 3935 super
1520 3866 1718 3935 quibus
1755 3868 1925 3938 gratia
1963 3865 2278 3937 Apostolica
2335 3867 2674 3932 fundabatur,
2712 3869 3019 3923 habendam
3059 3883 3182 3923 esse
3225 3866 3464 3932 „iidem

480 3956 851 4026 plenariam
891 3955 1145 4024 absque
1181 3955 1459 4009 alterius
1497 3955 1909 4025 probationis
1947 3955 2346 4011 adminiculo
2385 3959 2446 4010 in
2488 3957 2806 4011 iudiciis·

700 4045 915 4099 Deinde
971 4044 1060 4098 die
1114 4043 1164 4099 5.
1206 4043 1329 4098 Oct.
1373 4044 1509 4098 1347
1564 4059 1660 4114 per
1703 4046 2143 4100 constitutionem
2188 4043 2358 4111 ,Cum
2396 4046 2535 4099 sicut
2573 4046 2890 4100 multorum“
2936 4044 3085 4117 (Reg.
3123 4045 3244 4100 Vat.
3283 4047 3320 4100 t.
3365 4046 3457 4101 141

480 4133 553 4188 n⁰
578 4134 730 4189 1436.
751 4165 818 4173 —
840 4133 896 4188 P.
919 4133 1117 4188 V11.n⁰
1140 4133 1248 4201 42.)
1277 4133 1542 4188 clericis
1568 4134 1888 4203 pauperib
1904 4149 1977 4188 us
2003 4134 2266 4189 beneficia
2289 4134 2649 4189 ecclesiastica
2669 4137 2723 4188 in
2751 4134 2980 4190 diversis
3006 4135 3194 4189 mundi
3221 4135 3489 4205 partibus<

483 4223 922 4292 exspectantibus
960 4224 1222 4293 praestitit
1259 4222 1497 4277 favorem
1538 4222 1879 4288 declarandO,
1920 4223 2068 4293 quod
2106 4225 2213 4279 tam
2253 4225 2354 4294 ipsi
2383 4238 2544 4293 quam
2571 4225 2771 4293 posteri
2796 4224 3132 4295 praebendas
3159 4226 3213 4278 in
3241 4225 3465 4293 quibus·

482 4327 716 4381 cumque
786 4312 1085 4384 collegiatis
1157 4313 1399 4366 ecclesiis
1461 4327 1523 4366 ac
1590 4312 1689 4366 alia
1746 4311 2010 4367 beneficia
2068 4313 2428 4368 ecclesiastica
2485 4329 2529 4367 c.
2587 4328 2709 4367 cura
2766 4314 2821 4368 et
2880 4329 2924 4368 S.
2986 4328 3109 4368 cura
3172 4313 3466 4368 ubilibet

481 4402 860 4471 exspectantes
919 4405 951 4457 i.
991 4418 1036 4457 c.
1093 4404 1287 4455 etiam
1328 4400 1485 4456 Sedi
1522 4401 1965 4471 Apostolicae
2003 4403 2343 4456 reservata
2401 4417 2521 4456 cum
2579 4403 2837 4456 consueta
2894 4403 3214 4457 limitatione
3281 4403 3464 4472 quoad

479 4489 871 4545 beneficiorum
908 4490 1145 4545 valorem
1191 4490 1445 4560 „perinde
1484 4504 1657 4559 usque
1694 4491 1763 4545 ad
1802 4496 2033 4545 annum·
2077 4494 2303 4561 possent
2339 4492 2631 4561 acceptare.

694 4579 1015 4649 Speciminis
1052 4580 1220 4651 gratia
1259 4579 1523 4650 allegatur
1557 4579 1662 4634 hoc
1699 4581 1820 4634 loco
1859 4581 2020 4634 etiam
2060 4580 2280 4649 quidam
2317 4595 2605 4650 processus
2643 4583 2776 4635 circa
2814 4594 2925 4635 rem
2950 4579 3354 4635 beneficiariam
3378 4581 3466 4635 die

481 4668 531 4723 3.
560 4667 712 4722 Febr.
741 4668 876 4724 1348
894 4668 1179 4722 Avenione
1199 4670 1504 4733 instructuS,
1532 4671 1622 4736 qui
1651 4668 1975 4723 inscribitur:
2010 4668 2331 4734 ¹,Processus
2358 4672 2539 4724 contra
2568 4669 2706 4734 illoS,
2734 4671 2825 4740 qui
2853 4669 3156 4739 impediunt
3181 4671 3465 4724 venientes

481 4759 550 4813 ad
587 4756 882 4816 Romanam
922 4757 1183 4814 Curiam·
1230 4755 1388 4824 (Cod.
1428 4756 1487 4811 Β.
1527 4756 1618 4811 101.
1663 4759 1957 4813 111--114,
2003 4789 2063 4798 -
2103 4759 2159 4814 Ρ.
2201 4758 2309 4814 VII.
2348 4758 2419 4812 n⁰
2456 4759 2565 4826 43.)

605 4844 654 4915 ²³)
694 4845 829 4902 Cod.
871 4846 929 4902 B.
969 4846 1061 4901 101.
1105 4846 1221 4901 139.

699 4936 836 4992 Cod.
875 4936 940 4991 V.
981 4936 1073 4991 101.
1111 4936 1199 4991 97.

695 5026 751 5081 Ρ.
792 5025 900 5081 VII.
940 5025 1014 5079 n⁰
1049 5027 1133 5080 44.

610 5115 655 5184 ⁸)
697 5114 833 5170 Cod.
871 5115 932 5169 B.
972 5114 1063 5169 fol.
1110 5114 1403 5170 139—140.
1485 5113 1737 5178 ,Dudum
1774 5115 2074 5170 videlicet·

699 5203 835 5259 Cod.
875 5204 939 5259 V.
979 5203 1070 5258 101.
1114 5202 1202 5257 97.

698 5293 754 5347 P.
795 5293 901 5348 VII.
941 5291 1019 5347 n⁰
1055 5293 1142 5347 45.
