3688 5825
1940 294 2020 352 72

486 521 637 570 cum
686 520 840 569 cura
887 501 993 567 vel
1043 502 1188 567 sine
1236 519 1389 567 cura
1437 519 1513 567 ac
1560 501 1768 567 eciam
1820 500 2312 568 reservaciones
2359 501 2445 567 de
2495 500 2686 566 certis
2735 503 2799 567 et
2846 500 3180 586 expressis
3240 501 3481 566 huius-

489 610 673 676 modi
723 607 1088 687 beneficiiS,
1159 627 1308 674 cum
1391 610 1695 674 vacarent
1743 626 1862 693 per
1907 608 2408 674 assecucionem
2458 607 2802 692 pacificam
2852 607 3118 673 alterius
3166 607 3485 673 beneficii

487 718 591 783 vel
707 734 826 801 per
916 733 1161 780 munus
1253 715 1787 782 consecracionis
1882 714 2385 799 suscipiendum
2479 715 2582 780 vel
2655 714 2810 780 ,alio
2905 715 3149 798 quovis
3243 713 3482 791 mod0,

487 822 1075 908 commissiones2)
1155 822 1428 906 insuper
1502 821 1830 888 facultatis
1909 840 2026 887 seu
2114 821 2461 906 potestatis
2549 821 2901 905 quibusvis
2979 820 3184 886 factas
3273 839 3487 905 super

489 929 877 996 huiusmodi
939 928 1405 996 ecclesiasticis
1468 926 1813 995 beneficiis
1877 927 2202 994 vacaturis
2252 929 2638 994 auctoritate
2701 927 3070 1012 apostolica
3128 928 3338 993 eciam
3389 928 3481 993 ad

489 1037 1032 1103 nominacionem
1078 1036 1341 1102 alterius
1392 1035 1807 1102 reservandis
1857 1038 1968 1101 aut
2016 1035 2225 1102 eciam
2259 1035 2702 1114 conferendiS,
2753 1035 2818 1100 in
2870 1035 3117 1119 quibus
3166 1034 3478 1100 nondum

488 1147 587 1210 est
636 1144 701 1209 in
753 1162 818 1209 re
866 1142 1017 1210 licet
1064 1142 1147 1208 ad
1198 1162 1333 1209 rem
1374 1143 1568 1209 alicui
1627 1143 1730 1208 ius
1787 1142 2147 1226 quesitum,
2196 1142 2718 1208 commissiones
2754 1159 3029 1225 quoque
3063 1143 3128 1207 et
3162 1141 3480 1207 mandata

489 1269 690 1336 super
760 1250 1161 1335 recipiendis
1231 1251 1543 1334 personis
1613 1250 1954 1334 aliquibus
2021 1249 2087 1314 in
2137 1248 2436 1314 ecclesiis
2483 1248 2589 1314 vel
2639 1248 3063 1316 monasteriis
3112 1249 3253 1314 sive
3305 1250 3477 1315 locis

488 1358 632 1424 aliis
724 1358 1170 1441 regularibus,
1265 1375 1395 1441 que
1489 1358 1555 1422 in
1649 1358 1747 1422 eis
1850 1356 2123 1421 minime
2223 1356 2379 1422 sunt
2457 1359 2745 1440 recepte,
2840 1374 2877 1421 a
2955 1355 3477 1440 quibuscunque

488 1464 1078 1549 predecessoribus
1135 1464 1380 1530 nostris
1432 1464 1753 1531 Romanis
1802 1462 2234 1548 pontificibus
2282 1462 2487 1529 iactas
2536 1480 2654 1528 seu
2725 1462 2894 1529 facta
2940 1479 3303 1529 concessas
3354 1480 3474 1528 seu

487 1589 810 1638 concessa
898 1570 1413 1656 quibuscunque
1491 1571 1820 1655 personis,
1908 1569 2369 1653 cuiuscunque
2447 1568 2888 1648 condicionis,
2968 1570 3472 1653 preeminentie,

488 1678 743 1744 ordinis
792 1678 933 1744 sive
983 1680 1193 1744 status
1261 1696 1378 1763 per
1424 1677 1812 1744 eorumdem
1866 1676 2414 1762 predecessorum
2466 1676 2710 1742 litteras
2781 1678 2907 1742 sub
2951 1675 3474 1760 quibuscunque

486 1789 736 1863 tenore,
788 1784 1017 1864 modo,
1067 1783 1277 1851 forma
1328 1786 1430 1851 vel
1478 1785 1919 1851 concessione
1968 1783 2320 1849 verborum
2373 1801 2749 1867 omnesque
2799 1801 3154 1868 processus
3205 1783 3473 1849 habitos

488 1911 605 1977 per
674 1892 967 1969 easdem,
1039 1892 1307 1957 eciamsi
1381 1892 1446 1957 in
1518 1891 1818 1958 ecclesiis
1889 1890 2296 1957 secularibus
2366 1908 2591 1955 earum
2672 1890 2893 1975 alique
2966 1891 3031 1955 in
3102 1891 3473 1956 canonicos

487 2000 620 2065 sint
691 2002 947 2083 recepte
1018 2017 1093 2065 ac
1162 1999 1430 2065 eciamsi
1504 2018 1621 2084 per
1674 2000 2062 2064 executores
2132 2015 2358 2063 earum
2417 1997 2583 2063 facte
2653 1996 2894 2063 fuerint
2950 1997 3469 2073 reservaciones,

489 2106 934 2172 inhibiciones
983 2108 1047 2171 et
1095 2105 1337 2171 decreti
1382 2105 1940 2190 interposiciones
1975 2108 2087 2171 aut
2120 2105 2176 2170 si
2210 2122 2435 2170 earum
2472 2104 2694 2188 alique
2729 2104 3112 2170 auctoritate
3146 2104 3467 2170 dictarum

488 2213 843 2279 litterarum
918 2214 984 2277 in
1079 2212 1414 2296 aliquibus
1486 2212 1784 2279 ecclesiis
1878 2211 2286 2278 secularibus
2359 2212 2522 2277 ultra
2596 2213 2912 2277 statutum
2993 2212 3466 2278 canonicorum

488 2338 837 2386 numerum
911 2320 977 2385 in
1047 2320 1412 2387 canonicos
1461 2319 1592 2385 sint
1641 2321 1921 2404 recepte,
1987 2320 2310 2404 quantum
2379 2319 2462 2384 ad
2533 2318 2894 2403 capitulum
2944 2321 3010 2383 et
3058 2318 3141 2383 ad
3190 2319 3465 2385 chorum

488 2430 552 2493 et
593 2427 1092 2512 perceptionem
1143 2426 1697 2493 distribucionum
1746 2426 2255 2492 cottidianarum
2305 2428 2370 2490 et
2419 2424 2904 2510 plenitudinem
2955 2415 3115 2490 iuris
3162 2426 3467 2492 canonici

488 2534 797 2614 habeant,
848 2533 967 2600 sed
1018 2534 1083 2599 in
1134 2534 1233 2600 eis
1284 2532 1681 2619 prebendas,
1744 2533 2127 2618 dignitates,
2177 2535 2576 2617 personatus
2634 2532 2775 2598 sive
2825 2532 3178 2617 porciones
3228 2536 3294 2598 et
3343 2533 3467 2598 alia

487 2641 833 2720 beneficia,
914 2659 1045 2725 que
1138 2640 1377 2706 dantur
1452 2643 1708 2706 tantum
1789 2640 2229 2705 existentibus
2321 2639 2404 2705 de
2483 2657 2761 2705 numero
2841 2658 3017 2705 nunc
3095 2642 3465 2724 expectent,

487 2748 870 2814 auctoritate
920 2748 1291 2833 apostolica
1340 2747 1422 2813 de
1492 2746 1759 2812 fratrum
1832 2750 2211 2813 nostrorum
2283 2747 2569 2812 consilio
2642 2764 3050 2819 revocamus,
3099 2764 3466 2824 cassamuS,

488 2855 815 2922 irritamus
887 2858 951 2921 et
1019 2871 1401 2932 vacuamus,
1472 2872 1686 2940 eaque
1756 2872 1967 2934 cassa,
2035 2854 2208 2920 irrita
2257 2856 2320 2920 et
2367 2872 2572 2920 vacua
2640 2853 3037 2921 nunciamus
3098 2857 3163 2920 et
3222 2854 3466 2920 nullius

486 2963 766 3029 existere
813 2962 1161 3028 firmitatis.
1255 2961 1521 3040 Verum,
1584 2963 1639 3028 si
1721 2961 2107 3028 huiusmodi
2167 2980 2455 3047 persone
2535 2963 2794 3045 recepte
2874 2961 3037 3027 ultra
3114 2980 3465 3028 numerum

487 3069 998 3136 distribuciones
1043 3072 1106 3135 et
1137 3069 1286 3141 alia,
1337 3072 1407 3134 ut
1452 3069 1755 3136 canonici
1805 3068 1890 3135 de
1937 3087 2217 3134 numero
2266 3069 2648 3146 existentes,
2698 3069 2793 3135 sic
2841 3069 3234 3153 percipiunt,
3286 3069 3467 3153 quod

488 3194 606 3260 per
672 3176 1048 3242 cessionem
1117 3174 1220 3240 vel
1294 3175 1645 3242 decessum
1696 3176 1983 3254 illorum,
2056 3176 2168 3260 qui
2243 3179 2396 3242 sunt
2468 3177 2633 3241 intra
2682 3194 3054 3252 numerum,
3104 3193 3185 3241 ex
3234 3177 3463 3260 vigore

488 3283 806 3350 dictarum
878 3284 1234 3349 litterarum
1306 3283 1596 3368 amplius
1644 3283 1916 3367 assequi
1979 3282 2070 3348 nil
2126 3285 2493 3368 expectent,
2544 3283 2671 3348 nisi
2731 3282 3291 3348 distribucionum
3348 3301 3462 3349 seu

489 3390 780 3475 parcium
833 3409 1098 3456 suarum
1149 3392 1610 3476 augmentum,
1657 3407 1808 3456 cum
1852 3389 2075 3456 forsan
2113 3390 2306 3455 sicin
2358 3390 2658 3467 ecclesia,
2709 3389 2775 3454 in
2827 3408 2958 3473 qua
2993 3391 3466 3456 canonicorum

488 3515 625 3562 non
718 3499 941 3563 autem
1037 3497 1431 3583 porcionum
1525 3514 1842 3562 numerus
1921 3497 2025 3562 vel
2105 3495 2591 3580 prebendarum
2695 3495 3035 3562 distinctio
3129 3496 3467 3575 habeatur,

487 3606 876 3689 quantoque
959 3604 1124 3670 inter
1222 3604 1571 3688 pauciores
1649 3603 1954 3669 eiusdem
2033 3603 2309 3670 ecclesie
2386 3603 2771 3669 dividuntur
2842 3605 3204 3688 proventus
3283 3607 3468 3671 tanto

488 3711 773 3777 maiores
878 3711 1017 3778 fieri
1111 3712 1399 3795 possunt
1491 3711 1911 3795 singulorum
2028 3710 2547 3794 percipiencium
2652 3711 3030 3795 porcioneS,
3125 3709 3209 3776 ad
3304 3711 3468 3777 istos

487 3835 750 3884 necnon
822 3817 905 3884 ad
977 3834 1119 3895 eOS,
1193 3818 1437 3901 quibus
1508 3817 1592 3883 de
1661 3818 1854 3884 certis
1925 3818 2256 3903 expressis
2340 3817 2684 3884 beneficiis
2778 3816 3265 3896 ecclesiasticiS,
3340 3837 3469 3903 que

485 3928 661 3992 certo
742 3924 947 3991 modo
1020 3924 1569 4009 proponebantur
1614 3943 1867 4004 vacare,
1940 3924 2112 3990 datis
2191 3942 2392 4008 super
2461 3924 2589 3991 hoc
2660 3942 2776 4009 per
2844 3924 3089 3989 litteras
3138 3923 3466 3991 dictorum

486 4031 1032 4116 predecessorum
1105 4031 1591 4109 executoribus,
1664 4030 1746 4096 ad
1818 4031 1972 4097 illos
2042 4031 2274 4108 eciam,
2344 4031 2590 4115 quibus
2649 4030 2731 4096 de
2779 4030 2971 4097 certis
3020 4035 3083 4096 et
3130 4033 3470 4116 expressis

486 4137 871 4204 huiusmodi
944 4136 1312 4215 beneficiiS,
1397 4155 1547 4204 cum
1610 4140 1916 4204 vacarent
2001 4156 2118 4223 per
2194 4138 2696 4204 assecucionem
2778 4137 3117 4222 pacificam
3199 4138 3471 4206 alterius

485 4245 788 4312 beneficii
838 4244 942 4310 vel
1001 4262 1119 4330 per
1179 4262 1423 4310 munus
1471 4246 2006 4311 consecracionis
2056 4244 2559 4329 suscipiendum
2609 4243 2711 4310 vel
2759 4244 3002 4324 quovis
3052 4244 3262 4310 modo
3313 4246 3468 4323 ali0,

486 4356 554 4418 ut
616 4351 952 4438 prefertur,
1031 4353 1096 4416 et
1179 4350 1262 4416 ad
1334 4368 1475 4429 eos,
1564 4352 1810 4436 quibus
1896 4370 2015 4436 per
2096 4351 2312 4419 dictos
2384 4351 2893 4437 predecessores
2970 4350 3136 4418 facte
3213 4351 3470 4418 fuerant

482 4458 701 4544 gracie
724 4476 875 4525 cum
903 4457 1477 4524 reservacionibus
1504 4458 2013 4543 prebendarum,
2065 4459 2484 4544 dignitatum,
2538 4461 3041 4544 personatuum,
3068 4458 3468 4538 officiorum,

486 4567 917 4652 prioratuum,
967 4565 1414 4644 ecclesiarum,
1450 4565 1868 4650 porcionum,
1905 4565 2493 4650 prestimoniorum
2531 4565 2947 4649 aliorumque
2982 4564 3466 4632 beneficiorum

484 4672 1079 4739 ecclesiasticorum
1185 4675 1640 4738 vacaturorum
1736 4671 2147 4751 huiusmodi,
2242 4690 2372 4757 que
2482 4675 2634 4739 ante
2728 4672 2948 4738 datam
3044 4674 3467 4756 presencium

484 4781 859 4845 vacaverint
928 4781 993 4845 et
1048 4778 1266 4845 adhuc
1334 4781 1588 4856 vacant,
1668 4781 1732 4844 et
1801 4796 1922 4863 per
1968 4779 2419 4864 impetrantes,
2492 4779 2739 4864 quibus
2811 4781 2995 4845 erant
3042 4780 3470 4864 provisiones

486 4886 872 4952 huiusmodi
929 4885 1231 4953 faciende
1289 4904 1326 4950 a
1386 4885 1527 4951 suis
1576 4886 2044 4952 executoribus
2094 4886 2370 4970 petitum
2421 4886 2631 4963 fuerit,
2705 4885 2889 4971 quod
2937 4886 3089 4951 talia
3140 4887 3468 4953 beneficia

485 4993 578 5060 sic
624 4993 934 5060 vacancia
981 4993 1079 5058 eis
1121 4991 1498 5058 contenent
1545 5010 1668 5058 nec
1715 5010 1834 5077 per
1881 5010 2001 5058 eos
2051 4992 2247 5072 stetit,
2297 4992 2662 5077 quominus
2695 4994 3148 5059 conferrentur
3179 4994 3468 5073 eisdem

485 5119 747 5166 necnon
828 5099 910 5165 ad
987 5118 1129 5178 eos,
1210 5100 1323 5184 qui
1404 5117 1523 5184 per
1598 5099 1844 5165 litteras
1922 5099 2248 5166 dictorum
2351 5099 2899 5184 predecessorum
2981 5099 3046 5165 in
3127 5101 3468 5185 aliquibus

485 5207 782 5274 ecclesiis
863 5207 927 5272 in
1006 5206 1370 5273 canonicos
1449 5209 1602 5272 sunt
1681 5207 1926 5290 recepti
2005 5223 2081 5272 ac
2158 5206 2538 5290 dignitates,
2615 5209 3013 5290 personatus
3069 5206 3174 5272 vel
3246 5208 3466 5274 officia

483 5314 822 5381 canonicis
884 5313 1223 5380 dumtaxat
1290 5315 1612 5381 consueta
1688 5312 1989 5392 conferri,
2061 5312 2379 5379 dictarum
2451 5311 2810 5378 litterarum
2881 5313 2984 5379 vel
3033 5313 3161 5379 alia
3225 5315 3464 5401 quavis
