3688 5825
1970 280 2052 338 66

514 486 881 553 earundem
973 485 1461 552 cathedralibus
1555 486 1619 551 et
1710 486 2086 571 collegiatis
2180 486 2591 553 secularibus
2683 490 2746 553 et
2832 486 3245 572 regularibus
3337 486 3512 553 tales

516 612 636 678 per
680 593 1051 678 apostolice
1137 592 1319 658 sedis
1407 591 1908 677 providenciam
1986 594 2530 677 circumspectam
2612 593 2844 678 prelati
2916 593 3384 678 preficerentur
3450 596 3514 659 et

518 702 824 778 rectores,
897 700 1010 783 qui
1084 699 1285 765 nobis
1332 702 1395 765 et
1444 698 1585 765 sedi
1650 699 1942 783 predicte
2013 699 2252 766 fideles
2322 700 2674 766 existerent
2744 704 2809 766 et
2871 699 3095 766 devoti
3144 718 3220 766 ac
3266 701 3516 766 scirent

517 809 582 873 et
652 810 932 891 possent
1002 805 1257 871 eisdem
1333 823 1561 890 presse
1634 806 1875 872 utiliter
1932 806 2231 873 ecclesiis
2294 809 2359 871 et
2422 805 2766 891 prodesse,
2831 806 2961 872 hiis
3008 809 3073 872 et
3119 806 3265 872 aliis
3312 807 3513 873 certis

517 913 737 980 causis
809 913 1343 991 racionabilibus,
1418 929 1549 996 que
1621 911 1704 977 ad
1776 914 1906 979 hoc
1976 915 2275 978 nostrum
2337 912 2636 979 animum
2687 911 3108 992 induxerunt,
3157 931 3401 979 omnes
3451 917 3516 978 et

520 1020 819 1105 singulas
867 1018 1276 1086 cathedrales
1327 1022 1391 1084 et
1437 1018 1828 1104 collegiatas
1878 1019 2191 1087 ecclesias
2235 1019 2514 1085 civitatis
2570 1022 2635 1085 et
2690 1019 2980 1085 diocesis
3036 1038 3111 1086 ac
3167 1020 3514 1105 provincie

520 1125 919 1211 Aquilegen.
972 1144 1089 1211 per
1149 1126 1496 1192 biennium
1561 1126 1993 1211 prorogando
2043 1127 2418 1193 successive
2468 1143 2684 1210 usque
2727 1125 2811 1191 ad
2846 1126 3151 1193 instantis
3185 1126 3513 1193 kalendas

521 1231 767 1318 Aprilis
838 1232 922 1298 de
993 1233 1267 1298 biennio
1339 1233 1404 1298 in
1455 1233 1802 1299 biennium
1853 1251 1970 1317 per
2017 1232 2312 1299 diversas
2362 1235 2625 1299 nostras
2675 1232 2920 1298 litteras
2970 1232 3124 1299 inde
3172 1232 3516 1300 coniectas

523 1339 892 1425 provisioni
928 1342 1152 1405 nostre
1187 1342 1250 1405 et
1284 1338 1463 1405 sedis
1497 1338 1799 1405 eiusdem
1849 1339 2231 1406 auctoritate
2278 1339 2648 1424 apostolica
2695 1338 3009 1406 duximus
3055 1339 3515 1417 reservandas,

523 1446 878 1512 districtius
923 1446 1300 1512 inhibentes
1337 1446 1657 1511 omnibus
1690 1449 1753 1511 et
1786 1446 2093 1531 singuliS,
2143 1445 2226 1511 ad
2272 1464 2446 1530 quos
2480 1446 2800 1530 provisio,
2834 1446 3091 1524 electio,
3133 1446 3516 1531 postulacio

524 1572 643 1618 seu
716 1553 952 1636 quevis
1024 1553 1149 1618 alia
1232 1552 1600 1637 disposicio
1672 1553 2100 1619 ecclesiarum
2175 1553 2468 1637 ipsarum
2541 1552 2705 1618 alias
2778 1552 3183 1638 pertinebat,
3269 1571 3358 1618 ne
3431 1551 3515 1618 ad

525 1659 1005 1745 provisionem,
1054 1659 1473 1738 electionem,
1523 1658 2059 1744 postulacionem
2123 1658 2225 1724 vel
2296 1658 2493 1724 aliam
2567 1658 3006 1743 predictarum
3079 1658 3514 1725 ecclesiarum

525 1766 1051 1850 disposicionem
1126 1765 1561 1851 procederent
1636 1765 2132 1850 quoquomodo
2181 1783 2257 1831 ac
2315 1765 2748 1832 decernentes
2820 1768 3059 1832 extunc
3129 1766 3379 1831 irritum
3454 1770 3518 1830 et

527 1873 744 1945 inane,
818 1873 873 1938 si
943 1890 1136 1939 secus
1208 1889 1410 1957 super
1480 1871 1606 1937 hiis
1679 1890 1794 1957 per
1857 1888 2301 1956 quoscunque
2360 1872 2595 1956 quavis
2644 1873 3027 1939 auctoritate
3077 1873 3364 1939 scienter
3411 1873 3514 1939 vel

527 1979 911 2064 ignoranter
976 1979 1396 2063 contingeret
1464 1978 1855 2063 attemptari.
1951 1978 2029 2043 Et
2088 1979 2364 2062 insuper
2410 1978 2747 2045 voluimus
2798 1980 2860 2045 et
2907 1979 3348 2059 decrevimuS,
3400 1997 3520 2064 per

526 2085 769 2152 litteras
841 2085 1209 2161 novissime
1281 2086 1757 2152 reservacionis
1828 2088 1892 2150 et
1962 2085 2468 2170 prorogacionis
2519 2085 2927 2165 huiusmodi,
2980 2087 3514 2153 reservacionem

528 2191 811 2258 eandem
876 2192 959 2258 ad
1023 2191 1352 2258 seculares
1411 2194 1475 2258 et
1522 2193 1860 2277 regulares
1907 2195 2040 2257 tam
2099 2190 2509 2258 cathedrales
2560 2210 2763 2276 quam
2812 2193 3188 2260 abbaciales
3237 2195 3304 2258 et
3352 2194 3516 2259 alias

530 2316 967 2383 quascunque
1045 2298 1462 2383 collegiataS,
1554 2301 1971 2383 preterquam
2053 2298 2445 2363 monialium
2540 2303 2605 2365 et
2697 2298 2970 2365 aliarum
3052 2299 3516 2384 religiosarum

531 2404 903 2483 mulierum,
988 2405 1324 2483 ecclesias,
1397 2409 1739 2491 exemptas
1810 2407 1876 2471 et
1955 2422 2091 2470 non
2170 2407 2535 2490 exemptas,
2611 2405 2930 2472 dictarum
3022 2406 3309 2472 civitatis
3387 2404 3517 2491 et¹)

530 2511 818 2578 diocesis
888 2530 964 2578 ac
1032 2512 1393 2597 provincie,
1475 2512 1828 2596 quibusvis
1899 2510 2469 2578 declaracionibus
2527 2511 2672 2578 aliis
2720 2511 2904 2579 iactis
2953 2530 3153 2597 super
3199 2512 3330 2579 hoc
3377 2531 3516 2578 non

530 2619 973 2697 obstantibuS‚
1023 2618 1533 2684 extendendam.
1616 2617 1788 2684 Cum
1837 2621 2058 2684 autem
2108 2618 2430 2684 terminus
2482 2619 2708 2684 ultime
2759 2619 3237 2685 reservacionis
3288 2618 3516 2685 huius-

533 2724 716 2792 modi
782 2743 901 2809 per
960 2743 1087 2791 nos
1137 2724 1303 2791 facte
1352 2726 1593 2791 instare
1642 2728 1974 2802 noscatur,
2025 2743 2152 2790 nos
2201 2723 2454 2791 eisdem
2516 2725 2678 2790 moti
2740 2724 3409 2792 consideracionibus
3456 2728 3519 2792 et

533 2831 804 2910 inducti,
855 2831 1421 2910 reservacionem,
1452 2832 1949 2908 inhibicionem,
2000 2831 2409 2897 voluntatem
2462 2833 2526 2897 et
2573 2831 2906 2898 decretum
2959 2831 3252 2919 predicta
3304 2851 3518 2919 usque

536 2939 617 3005 ad
669 2938 842 3005 duos
890 2957 1106 3005 annos
1156 2939 1240 3005 ab
1289 2938 1543 3005 eisdem
1582 2938 1681 3009 ΚΙ.
1731 2937 1974 3024 Aprilis
2024 2938 2308 3023 proximi
2358 2939 2663 3005 instantis
2711 2939 3095 3005 auctoritate
3144 2940 3518 3024 apostolica

533 3047 763 3111 tenore
814 3040 1254 3130 presencium,
1314 3045 1521 3112 modo
1592 3048 1656 3110 et
1702 3044 1915 3111 forma
1963 3044 2296 3129 expressis
2345 3045 2675 3131 superius,
2723 3045 3144 3112 extendimus
3192 3048 3258 3112 et
3307 3048 3511 3113 eciam

536 3169 1002 3236 prorogamus.
1096 3151 1274 3218 Nulli
1325 3170 1488 3237 ergo
1537 3153 1657 3219 etc.

748 3275 992 3341 Datum
1043 3275 1373 3342 Avinione
1419 3276 1495 3342 V.
1547 3276 1674 3343 kal.
1724 3275 1970 3361 Aprilis
2020 3294 2075 3341 a.
2126 3276 2327 3342 tercio
2376 3275 2659 3343 decimo,

750 3399 904 3464 Item
934 3400 1001 3464 in
1028 3399 1267 3467 eodem
1296 3400 1503 3466 modo
1531 3400 1597 3465 in
1623 3399 2079 3466 Mediolanen.
2107 3400 2481 3466 civitatibus
2509 3404 2572 3466 et
2624 3400 3005 3468 diocesibus
3045 3403 3108 3468 et
3132 3403 3514 3486 provinciis.

1549 3533 1572 3565 ε
1624 3507 1908 3573 Januen.

1549 3641 1571 3670 ι
1631 3612 1854 3678 Pisan.

1551 3746 1574 3776 =
1633 3718 1996 3792 Ravennat.

1549 3856 1570 3877 ·
1631 3823 1926 3892 Graden.

664 4036 706 4102 1)
747 4036 901 4092 deest
938 4036 1069 4108 Reg.
1108 4037 1228 4091 Vat.

545 4444 670 4500 1331
716 4445 892 4500 Martii
933 4446 1017 4499 27.

539 4533 670 4605 Reg.
710 4533 829 4588 Vat.
871 4537 904 4589 t.
950 4535 1052 4589 116
1091 4533 1179 4588 fol.
1229 4535 1328 4590 160
1366 4534 1434 4589 n⁰
1472 4536 1593 4591 795.

1446 4713 1569 4793 Ad
1625 4715 1943 4794 futuram
2006 4721 2102 4794 rei
2164 4721 2626 4795 memoriam.

755 4873 1062 4939 Dudum
1156 4874 1356 4941 circa
1434 4877 1719 4941 statum
1814 4876 2110 4960 parcium
2192 4875 2370 4942 Italie
2461 4876 2810 4943 salubriter
2895 4881 3160 4946 auctore
3239 4880 3522 4949 domino

542 4979 962 5064 dirigendum
1010 4980 1447 5066 diligentibus
1497 4981 1736 5047 studiis
1785 4981 2209 5048 intendentes
2257 4984 2321 5048 et
2366 4984 2733 5068 cupienteS,
2798 4984 2983 5069 quod
3033 4986 3100 5051 in
3124 4987 3173 5071 ¹)
3224 4989 3524 5057 ecclesiis

541 5086 833 5170 parcium
914 5086 1205 5170 ipsarum
1290 5086 1779 5154 cathedralibus
1857 5091 1921 5153 et
1995 5088 2366 5173 collegiatis
2456 5089 2863 5157 secularibus
2955 5094 3019 5158 et
3108 5095 3524 5178 regularibus

543 5192 773 5277 prelati
872 5195 937 5258 et
1035 5197 1319 5260 rectores
1422 5212 1540 5280 per
1637 5194 2004 5279 apostolice
2106 5194 2286 5261 sedis
2379 5195 2875 5281 providenciam
2976 5199 3521 5286 circumspectam

544 5299 1007 5385 preficerentur
1076 5299 1323 5382 idonei,
1396 5300 1509 5391 qui
1583 5302 1781 5373 nobis
1852 5303 1916 5374 et
1977 5301 2194 5375 eidem
2274 5301 2418 5377 sedi
2490 5302 2725 5376 fideles
2796 5306 3153 5380 existerent
3222 5311 3289 5382 et
3361 5309 3523 5403 ipsis
