3688 5825
1948 302 2033 360 38

501 508 826 572 sententia
888 508 1086 573 etiam
1137 526 1174 572 a
1222 505 1692 575 Cardinalibus
1742 527 1880 575 non
1931 510 2149 593 potuit
2195 508 2478 574 obtineri
2533 545 2614 553 -—
2660 508 3041 574 auctoritate
3089 505 3485 593 Apostolica

501 612 858 692 ordinavit,
961 614 1144 698 quod
1248 633 1521 693 omneS,
1622 617 1804 699 post
1903 616 2159 682 obitum
2265 613 2421 693 dicti
2534 614 2865 681 Johannis
2963 614 3150 681 XXII.
3252 617 3484 681 contra

500 721 981 787 reservationes
1008 724 1070 786 et
1096 721 1353 788 decreta
1380 721 1766 788 huiusmodi
1794 721 1877 787 ad
1896 720 2381 806 patriarchales,
2400 721 3022 806 archiepiscopaleS,
3054 721 3484 806 episcopales

500 827 697 893 sedes
748 829 1217 913 quaslibetque
1267 828 1625 914 dignitates
1674 829 2098 896 ecclesiarum
2145 827 2645 913 collegiatarum
2713 829 3146 895 saecularium
3212 846 3481 894 necnon

499 935 932 1014 abbatiarum,
969 937 1524 1003 monasteriorum
1561 939 1624 1002 et
1656 937 2063 1021 prioratuum
2100 936 2378 1003 aliorum
2423 954 2978 1020 quorumcunque
3008 936 3481 1020 religiosorum

503 1060 578 1108 ac
644 1043 907 1126 piorum
959 1044 1257 1110 locorum
1334 1044 1658 1128 regimina
1727 1044 1890 1110 alias
1940 1044 2057 1109 rite
2107 1046 2170 1109 et
2217 1044 2536 1110 canonice
2585 1043 2914 1128 assumpti
2964 1043 3209 1127 aliique
3258 1043 3483 1121 etiam,

505 1150 753 1233 quibus
788 1150 869 1216 de
906 1151 1319 1235 quibuslibet
1356 1149 1856 1235 „dignitatibu3,
1891 1151 2362 1235 personatibus
2396 1150 2501 1216 vel
2536 1150 2776 1216 officiis
2808 1168 3073 1216 necnon
3106 1150 3485 1235 collegiatis

500 1261 563 1323 et
648 1258 796 1324 aliis
876 1258 1223 1324 beneficiis
1302 1257 1764 1323 ecclesiasticis
1842 1257 2289 1341 hospitalibus
2367 1259 2430 1322 et
2507 1257 2636 1341 piis
2714 1257 2881 1323 locis
2960 1256 3482 1341 quibuscunque

498 1366 1072 1449 patriarchatuum,
1100 1365 1609 1449 provinciarum,
1636 1364 1971 1430 civitatum
2000 1367 2065 1429 et
2088 1364 2498 1430 dioecesium
2534 1383 2609 1430 ac
2636 1365 2918 1449 partium
2947 1362 3472 1449 praedictarum“

498 1473 600 1538 ius
648 1473 1072 1557 competebat
1118 1471 1200 1537 ad
1250 1490 1386 1537 rem
1437 1472 1539 1537 vel
1591 1471 1655 1536 in
1707 1490 1771 1537 re
1816 1509 1900 1517 —
1933 1472 2061 1537 nisi
2111 1472 2589 1538 reservationes
2637 1471 3159 1556 praecessissent
3189 1470 3483 1537 —licite

497 1582 777 1664 possent
826 1578 1210 1646 huiusmodi
1261 1578 1586 1645 beneficia
1630 1578 1734 1644 vel
1782 1578 2003 1645 officia
2057 1579 2372 1656 „retinere
2422 1579 2691 1663 assequi
2742 1580 2804 1644 et
2852 1578 3154 1656 habere,“
3209 1576 3481 1644 decreto

499 1686 976 1753 habilitationis
1039 1689 1100 1752 et
1162 1685 1551 1752 donationis
1613 1686 1938 1753 fructuum
2005 1685 2228 1751 medio
2292 1688 2596 1770 tempore
2645 1687 3104 1769 perceptorum
3164 1703 3244 1750 ex
3305 1686 3480 1752 certa

497 1783 768 1860 s'cientia
861 1793 1196 1860 adiuncto.
1289 1792 1801 1859 provisionibus
1894 1810 2052 1859 vero
2151 1795 2214 1858 et
2308 1792 2875 1877 acceptationibus
2959 1792 3481 1859 auctoritate

387 1968 401 1989 ‚
495 1901 1009 1986 Apostolica
1078 1900 1162 1966 de
1235 1899 1585 1985 praedictis
1655 1899 2001 1966 beneficiis
2071 1899 2175 1965 vel
2247 1898 2485 1966 officiis
2532 1900 2697 1965 forte
2747 1899 2876 1964 iam
2926 1899 3114 1965 factis
3162 1916 3480 1983 expresse

496 2010 682 2075 nullo
733 2008 938 2075 modo
988 2026 1106 2093 per
1151 2008 1414 2074 citatam
1464 2007 2011 2073 constitutionem
2046 2005 2437 2091 derogatum
2471 2009 2586 2072 est.
2661 2005 2917 2072 Eodem
2953 2005 3214 2072 decreto
3248 2004 3478 2073 denuo

497 2116 854 2182 reservavit
902 2116 1058 2182 sibi
1108 2118 1181 2180 et
1229 2113 1413 2180 Sedi
1463 2113 1985 2198 Apostolicae
2034 2113 2231 2179 etiam
2283 2131 2521 2179 omnes
2570 2111 2958 2179 huiusmodi
3006 2111 3367 2197 dignitates
3416 2116 3484 2179 et

495 2223 821 2289 beneficia
872 2223 1437 2306 supramemorata
1474 2221 1538 2285 in
1572 2220 1911 2286 territoriis
1960 2219 2347 2304 praemissis
2396 2218 2646 2285 adhuc
2693 2219 3061 2285 vacantia
3108 2218 3191 2284 de
3226 2220 3479 2303 quibus

497 2349 619 2396 nec
698 2330 1081 2396 auctoritate
1161 2328 1549 2412 Apostolica
1626 2345 1748 2393 nec
1825 2325 2157 2393 ordinaria
2234 2325 2353 2391 fuit
2429 2325 2857 2411 dispositum.
2949 2325 3214 2392 Deinde
3294 2325 3474 2392 idem

496 2436 799 2502 Pontifex
868 2435 1107 2501 eodem
1180 2434 1288 2500 die
1360 2453 1448 2501 sc.
1514 2434 1612 2499 13.
1669 2433 1859 2500 Febr.
1924 2433 2090 2499 1344
2162 2450 2281 2518 per
2340 2434 2883 2500 constitutionem
2958 2433 3477 2519 „Dirigentes

495 2546 811 2609 nostrae
860 2540 1670 2626 considerationis“1)
1705 2541 1941 2606 iterum
1990 2540 2143 2605 sibi
2194 2542 2267 2606 et
2315 2538 2501 2605 Sedi
2549 2537 3068 2624 Apostolicae
3119 2540 3476 2607 reservavit

502 2650 964 2735 „provisiones
1074 2649 1376 2714 omnium
1486 2650 1551 2713 et
1656 2647 2069 2732 singularum
2179 2646 2705 2731 patriarchalium
2818 2649 2881 2713 et
2987 2647 3475 2732 episcopalium

495 2758 942 2835 ecclesiarum,
1015 2755 1570 2821 monasteriorum
1637 2773 1901 2821 necnon
1963 2754 2374 2839 prioratuum
2447 2755 2509 2819 et
2577 2750 2879 2819 locorum
2929 2755 3475 2821 conventualium

494 2865 781 2932 virorum
832 2864 1191 2941 dumtaxat,
1242 2862 1519 2929 abbates
1569 2862 1878 2948 proprios
1913 2879 2033 2928 seu
2068 2860 2446 2947 superiores
2480 2860 2581 2927 sui
2616 2858 2870 2927 ordinis
2911 2878 3048 2927 non
3084 2861 3472 2928 habentium

494 2990 569 3038 ac
660 2970 1123 3057 principalium
1219 2968 1661 3053 praelatorum
1742 2986 1862 3034 seu
1940 2968 2231 3053 capitum
2313 2968 2622 3034 ordinum
2717 2986 2856 3033 non
2951 2967 3473 3034 mendicantium

494 3095 1047 3163 quorumcunque
1079 3077 1144 3141 in
1193 3072 1698 3160 Aquilegien.
1750 3079 1812 3141 et
1847 3073 2183 3141 Graden.
2234 3074 2776 3159 patriarchatibus
2811 3092 2886 3140 ac
2932 3073 3474 3141 Mediolanen.

497 3185 1027 3260 Ravennaten.
1093 3182 1349 3248 Pisan.
1400 3200 1663 3248 necnon
1710 3181 2036 3249 Januen.
2096 3181 2471 3248 civitatibus
2518 3180 2944 3247 dioecesibus
2999 3183 3061 3247 et
3109 3182 3477 3266 provinciis

494 3296 557 3360 et
603 3294 668 3359 in
723 3291 1017 3379 partibus
1073 3290 1409 3356 Tusciae
1474 3289 1983 3355 consistentium
2041 3289 2414 3354 vacantium
2473 3288 2577 3354 vel
2623 3290 3105 3366 vacaturorum,
3155 3287 3238 3354 ad
3299 3307 3474 3372 quae

494 3401 764 3486 praelati
839 3418 957 3484 per
1042 3398 1434 3464 electionem
1512 3399 1961 3474 assumuntur,
2046 3395 2130 3462 ad
2201 3395 2611 3462 biennium
2677 3414 2713 3461 a
2777 3395 2930 3461 data
3021 3396 3473 3479 praesentium

492 3505 1038 3592 computandum.

703 3630 833 3698 Sed
884 3631 1046 3697 haec
1113 3629 1632 3695 reservationum
1705 3627 1918 3693 forma
1984 3627 2077 3693 sic
2125 3627 2415 3693 restricta
2483 3627 2711 3693 nescio
2771 3644 2903 3710 qua
2952 3625 3034 3692 de
3082 3643 3284 3693 causa
3335 3645 3474 3693 uno

491 3742 744 3806 tantum
809 3738 1011 3804 valuit
1079 3736 1207 3816 die,
1257 3754 1410 3801 nam
1483 3733 1687 3801 altero
1738 3753 1826 3800 sc.
1885 3733 1982 3799 14.
2033 3733 2223 3800 Febr.
2276 3751 2331 3799 e.
2384 3751 2440 3798 a.
2493 3734 2624 3799 iam
2675 3751 2850 3799 nova
2900 3733 3323 3818 promulgata
3373 3736 3476 3799 est

490 3847 894 3923 constitutio,
959 3862 1131 3928 quae
1211 3842 1439 3927 incipit
1517 3840 2047 3919 „Sollicitudo
2126 3840 2679 3926 pastoralis“2)
2759 3839 2895 3906 duo
2967 3840 3474 3924 praenominata

490 3952 748 4020 decreta
815 3951 899 4018 de
972 3950 1346 4017 cassatione
1417 3946 1641 4032 quoad
1692 3948 2036 4032 praeterita
2107 3950 2170 4013 et
2226 3947 2309 4013 de
2381 3965 2557 4013 nova
2628 3946 3071 4013 reservatione
3122 3947 3187 4011 in
3238 3964 3472 4031 supra-

492 4059 874 4126 memoratis
946 4057 1284 4124 territoriis
1372 4055 1802 4141 amplectenS.
1900 4053 2062 4121 Illud
2155 4073 2312 4121 vero
2407 4054 2677 4139 speciali
2770 4056 2930 4120 nota
2996 4052 3277 4137 dignum
3350 4056 3473 4132 est,

492 4165 675 4251 quod
725 4166 954 4233 ultima
1002 4164 1165 4230 haec
1213 4163 1566 4228 reservatio
1640 4160 2010 4246 praedictae
2057 4161 2549 4227 constitutionis
2598 4180 2669 4227 se
2718 4160 3007 4227 extendit
3076 4158 3157 4226 ad
3230 4178 3473 4226 omnes

491 4273 804 4340 ecclesias
852 4270 1259 4339 cathedrales
1308 4271 1371 4334 et
1416 4268 1899 4353 collegiatas
1972 4286 2046 4334 ac
2095 4269 2519 4346 monasteria,
2592 4269 2939 4353 prioratu5‚
3007 4266 3332 4352 beneficia
3407 4271 3473 4333 et

484 4381 636 4447 loca
684 4379 1125 4447 ecclesiastica
1174 4375 1613 4443 saecularia
1662 4377 1722 4441 et
1780 4375 2100 4460 regularia
2151 4378 2459 4460 exempta
2507 4377 2570 4441 et
2618 4394 2755 4441 non
2806 4376 3113 4459 exempta
3164 4373 3229 4439 in
3279 4373 3472 4441 dictis

617 4628 660 4697 1)
700 4628 829 4700 Reg.
868 4627 988 4682 Vat.
1028 4628 1064 4681 t.
1104 4624 1209 4680 215
1246 4625 1337 4679 iol.
1377 4622 1493 4679 61⁰
1530 4621 1600 4677 n⁰
1641 4624 1720 4678 18.

703 4716 838 4772 Cod.
878 4714 937 4770 Β.
977 4715 1068 4770 fol.
1112 4714 1229 4769 123.

700 4804 837 4861 Cod.
876 4805 943 4860 V.
983 4804 1073 4859 iol.
1112 4801 1275 4859 901⁰.

700 4895 915 4965 Deprez
954 4894 986 4948 l.
1025 4909 1069 4948 c.
1109 4892 1243 4948 nihil
1281 4892 1350 4947 de
1389 4892 1489 4945 hac
1526 4906 1597 4945 re.

699 4983 756 5038 P.
794 4982 901 5038 VII.
941 4981 1012 5037 n⁰
1047 4982 1132 5038 33.

612 5073 655 5141 ¹)
696 5071 833 5128 Cod.
873 5072 931 5127 B.
971 5072 1061 5127 fol.
1106 5073 1397 5127 108—111.

702 5161 839 5218 Cod.
879 5162 944 5217 V.
984 5161 1075 5217 fol.
1115 5161 1445 5218 8510—86.

700 5251 915 5321 Deprez
955 5252 985 5306 1.
1026 5267 1070 5306 c.
1110 5251 1260 5304 nihil.

699 5340 756 5395 P.
796 5340 902 5394 Vll.
942 5338 1011 5393 n⁰
1046 5339 1132 5394 34.
