3688 5825
1942 297 2026 357 88

496 500 563 567 in
613 501 912 569 ecclesiis
960 501 1471 581 cathedralibus,
1521 503 1978 570 abbacialibus
2028 506 2090 569 et
2138 503 2285 570 aliis
2335 503 2798 570 ecclesiasticis
2870 503 3035 569 locis
3092 504 3484 588 insignibus

496 611 560 674 et
608 609 1084 694 principalibus
1147 609 1376 694 prelati
1448 612 1513 675 et
1568 613 1853 676 rectores
1903 610 2326 695 preficiantur
2369 609 2640 695 ydonei,
2714 610 2828 695 qui
2879 611 3109 689 sciant,
3157 611 3366 676 velint
3419 615 3484 677 et

496 716 760 801 possint
808 716 1052 782 nutrire
1122 716 1515 783 concordias
1585 719 1648 782 et
1695 717 1778 782 ad
1829 717 2013 802 pacis
2062 720 2127 783 et
2177 717 2448 784 unitatis
2511 717 2936 784 concordiam
2987 735 3292 784 revocare
3341 717 3475 783 dis-

494 822 729 889 cordes
800 823 1086 908 aliisque
1135 823 1452 909 proficere
1502 824 1706 889 verbo
1780 824 2019 908 pariter
2065 825 2131 889 et
2176 824 2510 909 exemplo.
2602 822 2747 890 Nos
2795 823 3235 902 attendenteS,
3288 823 3480 908 quod

496 930 819 1015 premissa
885 930 1121 996 melius
1170 933 1236 995 et
1283 930 1529 1009 utilius,
1608 929 1869 996 favente
1942 930 2168 996 divina
2229 931 2470 1016 gracia,
2534 933 2845 1016 poterunt
2894 930 3177 1016 presidis
3226 931 3480 1016 prefate

496 1036 925 1123 providencia
965 1036 1335 1122 adimpleri,
1386 1037 1516 1103 hiis
1550 1040 1615 1103 et
1648 1036 1794 1103 aliis
1830 1037 1962 1122 piis
1995 1040 2060 1103 et
2108 1037 2299 1103 iustis
2340 1036 3003 1103 consideracionibus
3038 1037 3199 1103 moti
3235 1038 3484 1123 pariter

494 1147 559 1211 et
608 1144 882 1222 inducti,
933 1144 1357 1229 provisiones
1407 1145 1709 1210 omnium
1760 1147 1825 1210 et
1874 1144 2286 1229 singularum
2337 1144 2812 1211 cathedralium
2863 1148 2928 1210 et
2971 1144 3476 1230 collegiatarum

494 1252 919 1318 ecclesiarum
969 1269 1045 1317 ac
1093 1251 1670 1330 monasteriorum,
1730 1251 2161 1336 prioratuum,
2212 1251 2688 1318 beneficiorum
2747 1253 2812 1316 et
2859 1251 3155 1317 locorum
3207 1253 3479 1319 ecclesi-

493 1359 849 1425 asticorum
901 1358 1296 1424 secularium
1368 1361 1433 1425 et
1499 1357 1920 1442 regularium,
1989 1360 2449 1444 exemptorum
2520 1360 2585 1424 et
2661 1375 2799 1423 non
2872 1361 3358 1442 exemptorum,
3409 1359 3478 1424 in

493 1465 892 1551 Aquilegen.
943 1467 1007 1531 et
1056 1464 1346 1532 Graden.
1397 1483 1472 1531 ac
1518 1464 1973 1531 Mediolanen.
2025 1464 2386 1538 Ravennat.
2418 1463 2703 1531 Januen.
2739 1466 2804 1529 et
2850 1462 3072 1530 Pisan.
3111 1465 3479 1549 provinciis

493 1577 558 1640 et
589 1572 829 1639 Tuscie
863 1572 1157 1657 parcium
1201 1572 1746 1650 consistencium,
1796 1571 1863 1636 in
1900 1572 2146 1656 quibus
2181 1571 2432 1657 prelati,
2483 1574 2767 1638 rectores
2815 1589 2934 1637 seu
2969 1572 3476 1656 gubernatoreS,

495 1698 922 1766 quocumque
966 1679 1239 1745 nomine
1274 1682 1760 1764 nuncupentur,
1808 1681 2300 1745 consueverunt
2333 1697 2452 1745 seu
2489 1677 2862 1745 debuerunt
2911 1696 3028 1763 per
3074 1678 3474 1745 electionem

494 1788 768 1866 assumi,
841 1805 970 1872 que
1042 1805 1221 1853 nunc
1285 1789 1521 1852 vacant
1589 1788 1653 1852 et
1732 1804 1865 1871 que
1940 1804 2155 1871 usque
2227 1784 2309 1851 ad
2369 1785 2713 1852 biennium
2764 1803 2801 1850 a
2849 1785 3000 1851 data
3050 1786 3474 1869 presencium

492 1915 722 1962 vacare
768 1894 1138 1978 contigerit,
1188 1893 1388 1959 nobis
1438 1893 1821 1959 auctoritate
1870 1892 2240 1978 apostolica
2289 1892 2662 1978 specialiter
2710 1895 3139 1971 reservanteS,
3210 1910 3477 1958 exnunc

494 2002 912 2069 decernimus
962 2000 1209 2066 irritum
1259 2003 1379 2066 etc.
1432 2051 1445 2066 .
1498 2051 1511 2065 .
1565 2051 1578 2065 .
1628 2000 2023 2085 attemptari.

704 2108 1035 2174 Volumus
1082 2110 1302 2173 autem
1339 2110 1402 2173 et
1453 2110 1677 2173 nostre
1719 2107 2125 2173 intencionis
2174 2106 2411 2186 existit,
2462 2106 2646 2191 quod
2681 2104 3067 2172 huiusmodi
3102 2106 3473 2172 reservacio

494 2220 559 2282 et
632 2216 967 2282 decretum
1047 2213 1130 2280 ad
1211 2214 1612 2281 monasteria
1692 2217 1757 2280 et
1834 2213 1978 2280 loca
2057 2213 2451 2279 monialium
2531 2216 2594 2279 et
2663 2213 2937 2279 aliarum
3010 2212 3471 2297 religiosarum

495 2324 845 2389 mulierum
895 2325 960 2387 et
992 2321 1075 2388 ad
1110 2321 1423 2388 ecclesias
1472 2324 1536 2387 et
1567 2321 1696 2387 alia
1749 2321 2075 2388 beneficia
2110 2325 2174 2387 et
2205 2321 2349 2387 loca
2384 2320 2849 2398 ecclesiastica,
2885 2337 3168 2405 quorum
3201 2319 3473 2397 fructuS,

495 2430 790 2497 redditus
861 2432 924 2495 et
983 2432 1348 2514 proventus
1405 2447 1737 2495 summam
1813 2427 2255 2513 quadraginta
2320 2427 2550 2493 floren.
2604 2427 2743 2493 auri
2816 2425 3186 2492 secundum
3249 2426 3474 2492 existi-

495 2539 867 2604 macionem
911 2553 1316 2603 communen
1351 2535 1646 2601 valorem
1697 2552 1993 2601 annuum
2045 2553 2181 2600 non
2216 2533 2562 2612 excedunt,
2598 2534 2976 2600 nullatenus
3009 2532 3470 2599 extendantur.

492 2644 672 2711 Nulli
721 2662 881 2729 ergo
932 2646 1051 2709 etc.

706 2752 952 2818 Datum
1001 2748 1336 2816 Avinione
1383 2748 1545 2816 XVI.
1597 2748 1725 2814 kal.
1773 2748 2007 2814 Marcii
2056 2767 2113 2815 a.
2164 2747 2484 2815 secundo.

496 3109 633 3165 1346
670 3109 823 3165 Febr.
862 3109 913 3164 8.
1920 2997 2045 3079 35‘

493 3197 628 3254 cod.
668 3198 727 3253 B.
767 3198 859 3253 101.
903 3198 1018 3253 ιιι.

492 3323 947 3429 Prorogacio
1042 3327 1639 3402 reservacionum
1726 3326 1798 3398 in
1885 3319 2370 3423 patriarchatu
2450 3317 2897 3423 Aquilegen.
2986 3321 3055 3396 et
3137 3319 3469 3419 partibus

1838 3445 2126 3524 Tuscie.

832 3573 1189 3654 Clemens
1245 3577 1650 3674 episcopus
1708 3574 1841 3649 etc.
1956 3567 2079 3647 Ad
2135 3570 2453 3648 futuram
2513 3572 2612 3647 rei
2672 3572 3135 3646 memoriam.

705 3715 1014 3781 Dudum
1084 3713 1467 3780 videlicet
1534 3712 1695 3778 XVI.
1762 3712 1863 3782 ΚΙ.
1933 3711 2164 3777 Marcii
2238 3712 2420 3795 pont.
2493 3709 2700 3775 nostri
2761 3728 2941 3775 anno
3012 3708 3315 3775 secundo
3386 3708 3467 3774 ad

492 3823 906 3890 audienciam
970 3821 1177 3888 nostri
1236 3820 1650 3905 apostalatus
1714 3818 2054 3903 perducto,
2120 3817 2303 3902 quod
2368 3816 2450 3882 fe.
2510 3835 2595 3882 re.
2658 3816 3004 3882 ,Iohannes
3052 3834 3229 3901 papa
3282 3814 3467 3881 XXII.
3571 3847 3572 3850 ¹

493 3931 927 4016 predecessor
1016 3930 1247 3994 noster
1336 3945 1417 3992 ex
1492 3926 1682 3993 certis
1774 3925 1992 3991 causis
2066 3923 2582 3990 racionabilibus
2662 3922 3080 4008 provisiones
3160 3922 3466 3988 omnium

493 4037 1045 4123 patriarchalium,
1135 4032 1825 4118 archiepiscopalium,
1919 4031 2405 4117 episcopalium
2428 4029 2474 4115 l)
2563 4034 2629 4096 et
2710 4030 2920 4096 eciam
3013 4029 3464 4114 quarumlibet

492 4145 916 4211 ecclesiarum
995 4142 1491 4226 collegiatarum
1574 4139 1968 4206 secularium
2035 4155 2297 4203 necnon
2377 4138 2824 4215 abbaciarum,
2882 4135 3464 4213 monasteriorum,

493 4252 900 4338 prioratuum
980 4251 1045 4316 et
1121 4249 1402 4314 aliorum
1487 4263 2044 4331 quorumcunque
2125 4243 2386 4329 piorum
2466 4243 2763 4310 locorum
2858 4243 2926 4308 in
3026 4243 3465 4327 patriarchatu

491 4357 888 4444 Aquilegen.
953 4373 1216 4423 necnon
1265 4354 1719 4420 Mediolanen.
1772 4351 2219 4424 Ravennaten.
2266 4351 2549 4417 Januen.
2599 4354 2664 4417 et
2710 4348 2929 4416 Pisan.
2981 4348 3346 4434 provinciis
3397 4367 3469 4415 ac

490 4466 697 4531 eciam
776 4464 1073 4549 partibus
1146 4461 1386 4528 Tuscie
1464 4458 2009 4535 consistencium,
2092 4458 2176 4525 ad
2265 4476 2397 4542 que
2477 4457 2701 4543 prelati
2777 4459 3268 4523 consueverunt
3348 4475 3466 4522 seu

491 4571 825 4638 debebant
915 4588 1031 4655 per
1120 4568 1515 4635 electionem
1605 4566 1857 4631 assumi
1938 4568 2057 4631 etc.
2150 4562 2261 4649 [ut
2319 4566 2388 4630 in
2457 4562 2847 4649 precedenti
2900 4562 3467 4649 reservationem

490 4677 772 4745 eandem
837 4676 1363 4743 reservacionem
1412 4671 1741 4739 narrando
1789 4671 1875 4736 de
1922 4672 2129 4737 verbo
2177 4671 2259 4736 ad
2318 4672 2592 4737 verbum
2666 4688 2881 4756 usque
2929 4669 3012 4736 ad
3063 4671 3469 4736 monasteria

491 4788 555 4851 et
625 4786 768 4851 loca
844 4783 1236 4849 monialium
1295 4784 1359 4846 et
1421 4780 1694 4846 aliarum
1769 4777 2230 4862 religiosarum
2294 4778 2643 4844 mulierum
2716 4780 2781 4843 et
2850 4777 2932 4842 ad
3012 4776 3329 4843 ecclesias
3408 4780 3470 4843 et

490 4892 615 4958 alia
686 4890 1010 4958 beneficia
1081 4893 1142 4956 et
1207 4889 1351 4954 loca
1414 4885 1877 4962 ecclesiastica,
1950 4902 2234 4969 quorum
2305 4884 2573 4963 fructus,
2646 4883 2941 4950 redditus
2989 4886 3054 4949 et
3100 4888 3467 4968 proventus

491 5016 821 5065 summam
899 4997 1027 5063 XL.
1107 4997 1251 5062 flor.
1342 4994 1479 5059 auri
1571 4991 1916 5058 communi
2001 4991 2498 5057 existimacione
2576 4991 2867 5056 valorem
2948 5008 3247 5056 annuum
3327 5009 3466 5057 non

491 5104 903 5183 excederent,
953 5101 1467 5188 quomodolibet
1514 5118 1651 5165 non
1702 5098 1987 5164 extendi.

695 5211 961 5289 Verum,
1054 5228 1203 5276 cum
1295 5208 1452 5274 finis
1545 5205 1700 5271 dicti
1805 5204 2053 5270 biennii
2151 5205 2394 5270 instare
2488 5206 2818 5282 noscatur,
2912 5221 3039 5269 nos
3132 5203 3463 5270 similibus

492 5318 1154 5385 consideracionibus
1204 5316 1367 5381 moti
1403 5316 1466 5380 et
1507 5312 1755 5378 inducti
1805 5311 2331 5377 reservacionem
2366 5314 2432 5376 et
2478 5311 2812 5377 decretum
2830 5310 2886 5396 3)
2936 5310 3227 5395 predicta
3259 5330 3300 5376 a
3331 5311 3463 5376 fine
