3688 5825
1614 331 1695 390 91

165 553 304 602 non
355 554 432 603 ac
477 535 688 602 eciam
737 536 820 602 ad
871 536 1199 622 prioratus
1246 541 1360 604 aut
1404 556 1804 624 quecunque
1839 538 1967 605 alia
2002 538 2329 606 beneficia
2358 539 2463 605 vel
2498 538 2718 605 officia
2751 539 3149 624 regularium

168 661 726 729 quorumcunque
796 662 873 711 ac
943 643 1024 710 ad
1095 644 1528 712 canonicatus
1598 648 1662 713 et
1731 645 2109 732 prebendas
2159 645 2492 731 predictos
2540 645 2963 732 aliquatenus
3011 663 3150 713 non

166 750 459 817 extendi.
576 749 909 818 Premissa
978 769 1135 818 vero
1232 752 1458 838 quoad
1528 753 1960 821 canonicatus
2031 756 2096 820 et
2166 752 2541 839 prebendas
2612 753 2763 820 illos
2811 753 3153 820 dumtaxat

165 858 390 925 locum
504 858 746 925 habere
873 859 1207 939 volumus,
1325 878 1515 946 quos,
1615 861 1864 927 habent
1976 861 2082 927 vel
2184 861 2252 926 in
2397 860 2686 927 futurum
2810 861 3153 928 habebunt

167 964 448 1050 predicti
515 964 582 1031 in
669 966 968 1033 ecclesiis
1024 967 1266 1046 solum,
1347 967 1741 1053 inquibus
1818 968 2195 1034 consistunt
2273 967 2654 1053 dignitates,
2736 968 3152 1052 prepositure

168 1075 495 1152 mensate,
546 1076 945 1158 personatus
1014 1091 1093 1141 ac
1161 1073 1382 1141 officia
1431 1074 1819 1142 huiusmodi
1885 1078 2211 1141 reservata
2260 1092 2377 1160 per
2425 1092 2572 1153 nos,
2622 1077 2693 1141 ut
2740 1074 3152 1160 premittitur,

167 1180 273 1245 vel
322 1180 532 1246 eciam
568 1180 986 1261 reservanda,
1037 1185 1099 1248 et
1147 1199 1283 1247 non
1335 1182 1558 1267 quoad
1607 1182 2038 1249 canonicatus
2088 1185 2151 1248 et
2200 1180 2595 1267 prebendaS,
2646 1199 2818 1267 quos
2851 1180 3152 1248 obtinere

169 1286 235 1352 in
316 1287 467 1354 aliis
556 1307 757 1373 quam
840 1288 1152 1374 predictis
1230 1290 1528 1357 ecclesiis
1606 1289 2063 1357 dinoscuntur.
2185 1288 2364 1356 Nulli
2427 1307 2588 1375 ergo
2636 1292 2756 1355 etc.
2851 1287 2920 1355 Si
3000 1287 3153 1373 quis

169 1397 391 1460 autem
450 1398 571 1462 etc.

391 1537 638 1604 Datum
688 1538 1023 1605 Avinione
1071 1538 1375 1606 kalendis
1424 1538 1738 1609 Octobris
1787 1539 2215 1625 pontificatus
2264 1537 2474 1605 nostri
2523 1557 2579 1604 a.
2628 1537 2851 1604 terci0.

1601 2002 1727 2083 38.

173 2160 307 2215 1344
347 2159 472 2215 Oct.
517 2160 596 2215 19.

167 2248 305 2304 Cod.
346 2248 407 2304 B.
449 2248 539 2303 fol.
585 2249 878 2305 116—117.

794 2447 1137 2529 Secunda
1196 2449 1603 2530 declaracio
1664 2451 2141 2529 relaxacionis
2198 2450 2545 2552 predicte.

566 2608 922 2691 Clemens
962 2616 1363 2714 episcopus
1404 2615 1536 2690 etc.
1624 2609 1748 2691 Ad
1795 2612 2113 2691 futuram
2157 2616 2256 2690 rei
2297 2616 2760 2690 memoriam.

386 2805 727 2875 Provida
774 2808 991 2875 sedis
1047 2809 1498 2894 apostolice
1548 2808 1930 2893 benignitas
1989 2809 2286 2893 quietem
2332 2811 2396 2874 et
2454 2826 2684 2894 pacem
2735 2807 3152 2875 subditorum

173 2916 589 3001 perquirenS,
638 2934 736 2993 ea,
788 2934 918 3001 que
970 2919 1124 2982 sunt
1173 2915 1376 2982 dubia
1426 2919 1490 2982 et
1537 2918 1841 2994 obscura,
1903 2934 1985 2982 ne
2034 2916 2183 2983 lites
2218 2920 2282 2982 et
2317 2917 2527 3002 iurgia
2582 2916 2917 3001 pariant1),
2969 2933 3153 3001 sepe,

171 3023 340 3089 sicut
388 3026 798 3107 oportunum
834 3023 995 3102 iore,
1044 3023 1390 3108 conspicit,
1430 3022 1748 3089 dilucidat
1780 3026 1846 3089 et
1893 3022 2197 3089 declarat.
2270 3022 2540 3089 Dudum
2587 3023 2919 3108 siquidem
2956 3022 3154 3089 nobis

172 3130 508 3215 exposit0,
568 3130 772 3214 quod,
824 3133 1094 3215 propter
1143 3131 1633 3197 reservaciones
1667 3129 1750 3196 de
1783 3131 1974 3196 certis
2007 3131 2512 3198 canonicatibus
2560 3134 2625 3196 et
2672 3130 3033 3216 prebendis
3081 3148 3157 3196 ac

172 3235 522 3303 beneficiis
570 3236 1031 3303 ecclesiasticis
1079 3236 1517 3322 disposicioni
1570 3240 1793 3303 nostre
1826 3239 1893 3302 et
1922 3237 2103 3303 sedis
2153 3236 2501 3323 predicte2)
2548 3237 2774 3315 factaS,
2825 3237 3045 3322 plures
3093 3237 3157 3302 et

172 3342 436 3409 diverse
509 3361 794 3427 persone
873 3344 1347 3423 ecclesiastice,
1427 3345 1675 3429 quibus
1754 3343 1836 3410 de
1908 3333 2410 3410 canonicatibus
2480 3362 2629 3410 cum
2701 3344 3156 3410 reservacione

173 3449 663 3534 prebendarum
738 3451 804 3515 in
877 3450 1158 3516 diversis
1229 3454 1363 3516 tam
1435 3450 1924 3517 cathedralibus
1996 3468 2197 3534 quam
2256 3450 2628 3535 collegiatis
2689 3448 2988 3516 ecclesiis
3036 3467 3155 3515 seu

174 3557 385 3623 eciam
460 3555 544 3622 de
614 3557 961 3623 beneficiis
1030 3557 1495 3624 ecclesiasticis
1544 3575 1693 3623 cum
1752 3576 1906 3624 cura
1953 3558 2057 3624 vel
2107 3558 2252 3623 sine
2300 3574 2474 3635 cura,
2524 3557 2579 3622 si
2628 3559 2786 3623 tunc
2834 3558 3157 3623 vacabant

174 3663 276 3729 vel
325 3681 480 3728 cum
517 3666 843 3742 vacarent,
894 3665 960 3729 in
1012 3663 1294 3730 diversis
1345 3664 1577 3729 mundi
1629 3665 1926 3748 partibus
1975 3683 2093 3750 per
2124 3669 2386 3730 nostras
2434 3663 2589 3730 certi
2623 3664 2876 3730 tenoris
2910 3663 3158 3729 litteras

173 3772 306 3835 tam
383 3769 511 3855 in3)
562 3771 834 3855 speciali
909 3789 1110 3855 quam
1183 3771 1249 3835 in
1320 3772 1660 3837 communi
1731 3771 1942 3837 forma
2013 3771 2268 3857 gracias
2338 3770 2724 3836 auctoritate
2787 3771 3157 3856 apostolica

175 3876 575 3955 feceramuS,
651 3880 1078 3961 expectantes
1151 3877 1524 3962 prebendas
1595 3880 1658 3944 et
1727 3878 2053 3944 beneficia
2127 3875 2514 3943 huiusmodi
2592 3878 2676 3943 ab
2725 3877 3159 3944 assecucione

176 3983 500 4049 dictarum
570 3982 961 4067 graciarum,
1011 3984 1109 4050 eis
1161 4001 1278 4069 per
1326 4002 1473 4061 nOS,
1532 3988 1602 4048 ut
1636 3984 2050 4069 premittitur,
2085 4001 2574 4062 concessarum,
2608 3983 2867 4050 fuerant
2900 3984 3160 4050 diucius

177 4089 524 4167 retardate,
599 4093 868 4173 propter
937 4088 1121 4174 quod
1197 4089 1429 4156 eedem
1509 4109 1815 4176 persone,
1889 4094 1961 4156 ut
2008 4089 2459 4175 supradictum
2531 4092 2652 4168 est,
2731 4093 3160 4176 expectantes

177 4196 436 4262 nullum
512 4200 884 4280 reportasse
955 4196 1347 4263 dicebantur
1416 4196 1498 4263 de
1571 4196 1884 4282 predictis
1954 4196 2194 4282 graciis
2242 4195 2675 4262 commodum
2727 4196 2845 4263 sed
2895 4198 3158 4263 labores

176 4303 418 4388 pocius
453 4304 517 4367 et
562 4320 913 4387 expensas.
987 4302 1131 4369 Nos
1180 4303 1435 4370 eisdem
1471 4304 1997 4389 expectantibus,
2048 4303 2219 4389 pi04)
2269 4321 2471 4388 super
2502 4302 2631 4368 hiis
2664 4303 3161 4388 compacientes

175 4410 440 4487 affectu,
519 4410 855 4476 voluimus
934 4413 998 4476 et
1076 4410 1309 4476 eadem
1377 4411 1762 4478 auctoritate
1842 4411 2279 4489 decrevimuS,
2360 4408 2562 4495 quod,
2643 4411 3160 4495 quibuscunque

177 4516 755 4584 reservacionibus
827 4517 1233 4602 specialibus
1283 4516 1366 4583 de
1414 4518 1607 4584 certis
1655 4517 2162 4585 canonicatibus
2225 4519 2290 4582 et
2338 4516 2695 4602 prebendis
2745 4517 3158 4602 singularum

175 4628 240 4691 et
272 4627 599 4691 certarum
635 4642 1069 4709 personarum
1115 4625 1181 4690 in
1217 4625 1706 4692 cathedralibus
1739 4626 1842 4691 vel
1878 4625 2252 4710 collegiatis
2289 4624 2607 4703 ecclesiiS,
2644 4625 3161 4709 quibuscunque

177 4749 294 4797 seu
346 4730 433 4796 de
481 4731 675 4797 certis
719 4731 1065 4797 beneficiis
1113 4731 1578 4799 ecclesiasticis
1626 4735 1946 4799 certarum
1983 4750 2419 4817 personarum
2463 4749 2612 4797 cum
2662 4749 2815 4797 cura
2863 4730 2966 4796 vel
3016 4730 3162 4796 sine

176 4856 330 4904 cura
391 4856 511 4922 per
572 4857 697 4904 nos
745 4840 900 4903 tunc
947 4837 1136 4904 tactis
1185 4841 1298 4904 aut
1345 4839 1409 4904 in
1461 4842 1802 4924 posterum
1853 4838 2177 4907 faciendis
2235 4858 2663 4925 nequaquam
2714 4838 3162 4914 obstantibus,

179 4945 456 5030 predicti
492 4948 917 5030 expectantes
968 4948 1311 5029 presentes
1363 4946 1604 5031 pariter
1653 4949 1716 5012 et
1763 4946 1962 5012 futuri
2014 4965 2134 5030 per
2166 4947 2512 5014 biennium
2563 4945 2905 5012 dumtaxat
2951 4944 3162 5014 conti·

179 5071 412 5131 nuum,
463 5070 501 5117 a
546 5051 847 5118 kalendis
881 5051 1174 5117 octobris
1225 5052 1599 5137 proximof‘)
1650 5053 1976 5138 preteritis
2027 5053 2436 5132 inchoatum,
2487 5052 2862 5138 prebendas
2911 5054 3044 5117 tam
3094 5052 3161 5117 in

177 5158 670 5225 cathedralibus
775 5176 974 5243 quam
1077 5159 1450 5242 collegiatis
1552 5160 1853 5226 ecclesiis
1963 5160 2384 5245 supradictis,
2480 5178 2744 5226 necnon
2837 5158 3163 5226 beneficia

180 5265 631 5332 ecclesiastica
678 5283 828 5331 cum
877 5282 1029 5330 cura
1064 5264 1166 5330 vel
1201 5266 1347 5332 sine
1381 5284 1553 5344 cura,
1607 5285 1737 5351 que
1769 5268 2002 5352 vigore
2038 5266 2361 5334 dictarum
2398 5268 2756 5333 litterarum
2790 5269 3161 5332 nostrarum

182 5373 624 5459 expectabant
694 5389 812 5437 seu
884 5371 1095 5437 eciam
1147 5375 1586 5457 expectarent,
1661 5391 1945 5458 quorum
2021 5375 2295 5458 quidem
2370 5375 2846 5441 beneficiorum
2895 5373 3161 5452 fructus,

2884 5497 2954 5550 ΤΙ
