3688 5825
1927 296 2012 354 30

476 500 909 565 continuos
989 519 1025 565 a
1102 500 1237 567 fine
1314 499 1467 566 dicti
1547 500 1796 567 biennii
1877 500 2368 567 numerandos“
2456 501 2838 586 prorogavit
2914 519 3065 567 cum
3145 519 3460 587 expressa

476 607 866 672 extensione
946 606 1065 683 „ad
1117 607 1489 673 saeculares
1553 611 1617 673 et
1678 607 2012 692 regulares
2081 611 2215 674 tam
2273 607 2679 675 cathedrales
2730 626 2931 693 quarn
2983 608 3348 674 abbatiales
3395 610 3461 673 et

476 713 637 778 alias
687 731 1148 798 quascumque
1197 714 1582 799 collegiatas
1641 717 2101 799 praeterquam
2162 715 2491 781 moniales
2550 718 2613 780 et
2668 715 2940 780 aliarum
2999 714 3457 798 religiosarum

476 820 825 886 mulierum
876 819 1190 887 ecclesias
1240 823 1583 906 exemptas
1632 823 1695 886 et
1742 838 1882 887 non
1929 825 2338 906 exemptas“.

687 944 865 1010 Idem
911 946 1373 1012 reservationis
1417 946 1926 1012 instrumentum
1969 945 2274 1011 traditum
2326 949 2426 1012 est
2472 946 2667 1011 etiam
2718 946 2969 1030 Legato
3020 944 3460 1011 Lombardiae

473 1070 623 1118 cum
676 1051 873 1117 simili
924 1053 1312 1130 monitione,
1376 1055 1445 1117 ut
1503 1052 1591 1117 ibi
1639 1055 1892 1117 tantum
1950 1052 2122 1119 dicta
2170 1053 2554 1138 prorogatio
2603 1052 3151 1137 promulgaretur,
3225 1052 3339 1118 ubi
3388 1051 3457 1116 id

484 1158 871 1243 „expedire“
926 1160 1360 1244 cognovisset
1390 1177 1540 1225 cum
1592 1158 1826 1224 eadem
1880 1159 2292 1244 obligatione
2341 1159 2660 1225 reddendi
2710 1160 3031 1224 rationem
3083 1158 3150 1223 in
3199 1159 3460 1243 scriptis

476 1264 559 1330 de
607 1265 774 1331 facta
824 1267 1297 1350 publicatione.

687 1390 813 1456 Die
847 1391 952 1456 29.
986 1392 1206 1457 Martii
1246 1390 1481 1475 13271)
1533 1390 1706 1457 idem
1744 1391 1926 1476 Papa
1958 1391 2306 1458 Johannes
2354 1392 2420 1456 in
2469 1392 2604 1457 fine
2654 1390 2827 1457 illius
2876 1391 3125 1457 biennii
3175 1391 3455 1477 primam

476 1498 988 1563 reservationem
1025 1498 1107 1563 de
1143 1498 1330 1564 dictis
1364 1499 1723 1584 provinciis
1759 1517 1848 1565 sc.
1882 1498 2312 1565 Mediolan.
2359 1498 2780 1571 Ravennat.
2824 1496 3082 1563 Pisan.
3122 1497 3456 1564 Januen.

475 1603 973 1689 Aquilegien.
1026 1604 1361 1673 Graden.
1411 1606 1649 1672 factam
1706 1604 1999 1682 „eisdem
2047 1605 2735 1672 considerationibus“
2792 1607 3013 1671 motus
3069 1622 3322 1688 „usque
3371 1605 3457 1671 ad

475 1710 676 1778 duos
748 1730 999 1777 annos
1049 1730 1085 1777 a
1134 1712 1235 1782 ΚΙ.
1285 1711 1528 1797 Aprilis
1592 1712 1876 1797 proximi
1936 1713 2132 1778 futuri
2206 1731 2296 1778 ex
2363 1715 2549 1778 tunc
2617 1711 3149 1796 computandos“
3229 1711 3455 1796 quoad

475 1820 934 1885 extensionem
985 1838 1021 1885 a
1072 1819 1281 1904 prima
1330 1820 1805 1903 prorogatione
1857 1838 1993 1885 non
2044 1819 2373 1885 diversam
2424 1820 2716 1899 iterum*
2755 1819 3219 1903 prorogavit.2)

682 1942 939 2009 Eodem
990 1943 1198 2009 modo
1248 1944 1507 2029 scripsit
1554 1943 1900 2016 Romanus
1949 1943 2253 2010 Pontifex
2311 1943 2394 2009 de
2466 1942 2919 2028 publicatione
2990 1942 3142 2010 dicti
3213 1942 3456 2009 decreti

475 2050 557 2116 ad
609 2050 926 2134 Legatum
978 2050 1528 2131 Lombardiae,
1579 2055 1646 2116 ut
1695 2051 1873 2117 illam
1925 2069 2050 2117 suo
2102 2051 2369 2116 arbitrio
2418 2050 2655 2116 faceret
2712 2051 2779 2116 in
2828 2050 3109 2128 civitate,
3159 2049 3455 2116 dioecesi

477 2159 541 2222 et
613 2156 952 2241 provincia
1019 2156 1369 2223 Januen.
1444 2157 1902 2230 Ravennat.
1973 2157 2433 2223 Mediolan.
2507 2160 2568 2222 et
2616 2157 2817 2223 simili
2869 2156 3075 2223 modo
3126 2156 3320 2222 etiam
3372 2157 3456 2222 ad

477 2264 796 2349 Legatum
859 2262 1191 2330 Tusciae
1253 2264 1336 2330 de
1401 2265 1854 2350 publicatione
1918 2265 1984 2330 in
2047 2262 2346 2329 districtu
2410 2262 2762 2337 Pisano,
2828 2264 3089 2349 utrique
3141 2264 3460 2348 imposita

477 2371 892 2456 obligatione
942 2371 1263 2437 referendi
1313 2390 1515 2457 super
1561 2373 1688 2438 hoc
1736 2372 1801 2437 in
1853 2372 2130 2457 scriptis.

684 2495 983 2562 Exeunte
1036 2496 1272 2563 ultimo
1321 2497 1597 2562 biennio
1656 2496 1764 2562 die
1813 2496 1920 2563 28.
1969 2496 2190 2562 Martii
2249 2495 2481 2582 13293)
2531 2495 2704 2562 idern
2758 2496 3102 2569 Romanus
3148 2495 3460 2563 Pontifex

476 2602 717 2670 dictam
751 2603 1266 2669 reservationem
1304 2604 1369 2668 in
1405 2604 1840 2689 patriarchatu
1890 2602 2395 2688 Aquilegien.
2433 2605 2495 2668 et
2534 2602 3073 2669 Mediolanen.
3122 2604 3456 2670 Januen.

476 2709 732 2776 Pisan.
805 2710 1228 2783 Ravennat.
1304 2712 1369 2775 et
1439 2709 1775 2778 Graden.
1851 2711 2213 2795 provinciis
2284 2710 2566 2776 iterum
2639 2710 2721 2776 ad
2794 2712 2996 2777 duos
3068 2727 3323 2777 annos
3371 2711 3457 2776 ab

476 2815 729 2883 eisdem
782 2817 881 2887 Kl.
931 2815 1176 2903 Aprilis
1225 2816 1510 2902 proximi
1574 2818 1881 2883 instantis
1929 2817 2422 2902 computandos
2481 2817 2866 2902 prorogavit
2924 2836 3072 2884 cum
3125 2816 3457 2883 antedicta

476 2926 918 3004 restrictione;
991 2925 1056 2990 id
1117 2924 1300 3010 quod
1352 2924 1590 2990 eodem
1642 2925 1851 2992 modo
1901 2924 2275 3011 iisdemque
2324 2925 2828 2992 conditionibus
2878 2928 2943 2991 et
2990 2944 3069 2991 ex
3120 2926 3456 2992 similibus

473 3033 715 3110 causis,
796 3033 861 3097 in
942 3032 1318 3117 iisdemque
1396 3032 1733 3098 territoriis
1811 3033 2054 3099 factum
2137 3036 2238 3099 est
2313 3032 2422 3097 die
2478 3033 2583 3100 27.
2632 3033 2849 3098 Martii
2904 3031 3138 3118 13:31⁴)
3211 3036 3274 3098 et
3345 3031 3456 3099 die

475 3138 580 3204 28.
628 3139 848 3205 Martii
904 3137 1162 3224 1333.⁵)

682 3262 870 3330 Circa
926 3282 1086 3330 vero
1144 3264 1662 3330 reservationem
1735 3265 2217 3331 beneficiorum
2290 3265 2398 3331 die
2462 3264 2560 3329 13.
2611 3263 2793 3350 Sept.
2851 3265 3017 3330 1319
3066 3283 3102 3330 a
3153 3264 3452 3349 praefato

474 3370 656 3455 Papa
686 3369 996 3437 Johanne
1033 3371 1097 3436 in
1127 3371 1424 3456 partibus
1463 3370 1798 3437 Tusciae
1826 3375 1892 3437 et
1918 3370 2000 3437 ad
2036 3371 2457 3444 Romanam
2510 3371 2941 3438 Ecclesiam
2995 3372 3456 3457 spectantibus

601 3654 642 3722 ¹)
683 3654 812 3727 Reg.
851 3654 969 3709 Vat.
1009 3657 1046 3709 t.
1091 3656 1189 3709 114
1228 3655 1301 3709 n⁰
1337 3656 1441 3710 216
1480 3656 1685 3723 (.Olim
1723 3656 1793 3710 ad
1831 3657 2103 3723 statum·).

687 3743 825 3799 Cod.
865 3743 923 3799 B.
963 3743 1053 3799 fol.
1097 3744 1321 3799 70-71.

688 3832 824 3889 cod.
863 3833 926 3888 V.
968 3833 1056 3888 101.
1096 3833 1181 3888 70.

690 3922 747 3977 P.
789 3922 895 3978 Vll.
937 3920 1007 3977 πθ
1048 3923 1129 3988 10,
1173 3924 1252 3977 11.

601 4027 645 4097 ²)
683 4030 770 4084 Ad
810 4030 908 4084 has
948 4030 1170 4083 Litteras
1206 4030 1552 4098 Apostolicas
1591 4030 1784 4084 melius
1824 4030 2204 4101 intelligendas
2243 4032 2294 4083 in
2335 4032 2644 4084 memoriam
2685 4029 3022 4083 revocandae
3058 4032 3211 4083 sunt:

798 4118 932 4173 1327
969 4149 1040 4158 -
1077 4119 1349 4188 expeditio
1388 4118 1648 4172 Ludovici
1686 4117 1923 4173 Bavarici
1964 4122 2016 4173 in
2057 4120 2257 4173 ltaliam
2297 4118 2512 4173 directa.

799 4208 933 4264 1328
968 4208 1085 4262 Jan.
1130 4208 1209 4263 17.
1248 4238 1320 4246 ——
1355 4209 1656 4277 assumptio
1695 4208 1913 4262 volenta
1953 4221 2183 4261 coronae
2221 4208 2528 4276 imperialis.

797 4296 934 4351 1328
969 4297 1172 4365 Αριίἱίε
1214 4297 1293 4351 18.
1334 4328 1403 4334 -
1440 4297 1632 4351 electio
1670 4296 1877 4351 Nicolai
1917 4296 1979 4350 V.
2020 4295 2422 4365 pseudopapae.

600 4402 643 4470 8)
682 4401 812 4474 Reg.
852 4402 970 4456 Vat.
1010 4403 1047 4456 t.
1092 4401 1189 4456 1¹5
1229 4402 1319 4457 ³2¹.
1363 4403 1430 4457 ‘30
1469 4403 1542 4457 n⁰
1580 4402 1685 4457 475
1724 4403 1933 4472 („Circa
1974 4405 2246 4470 statum·).

689 4491 825 4546 Cod.
866 4490 925 4546 B.
965 4490 1056 4545 fol.
1097 4491 1181 4546 71.

689 4579 826 4635 Cod.
865 4580 930 4635 V.
970 4579 1061 4635 101.
1102 4580 1188 4635 70.

685 4669 742 4724 P.
780 4669 888 4724 Vll.
927 4667 997 4723 n⁰
1038 4669 1117 4724 12.

594 4777 643 4846 ⁴)
681 4776 810 4847 Reg.
848 4776 967 4830 Vat.
1008 4780 1042 4831 t.
1088 4778 1187 4832 116
1225 4776 1314 4832 101.
1360 4778 1460 4832 160
1495 4775 1565 4831 n⁰
1601 4775 1705 4831 795
1743 4775 2028 4845 (‚Dudum
2067 4780 2202 4831 circa
2242 4779 2516 4842 statum·).

687 4863 824 4920 Cod.
863 4864 924 4919 B.
965 4864 1054 4919 101.
1095 4865 1178 4920 73.

687 4953 823 5008 Cod.
868 4953 928 5007 V.
969 4952 1058 5009 101.
1099 4955 1184 5009 71.

687 5044 742 5098 P.
781 5042 889 5098 VII.
928 5042 1000 5097 n⁰
1040 5044 1119 5099 13.

598 5151 644 5219 ⁵)
681 5150 819 5205 eod.
859 5150 917 5205 Β.
958 5151 1048 5205 ίοι.
1088 5152 1158 5205 76
1195 5151 1403 5219 (,Circa
1442 5153 1714 5218 statum·).

687 5239 824 5295 Cod.
863 5240 926 5295 V.
968 5239 1057 5295 101.
1097 5241 1181 5296 70.

686 5329 743 5384 Ρ.
781 5328 889 5384 vn.
930 5328 999 5384 n⁰
1041 5331 1118 5384 14.
