<?xml version="1.0" encoding="UTF-8"?>
<!DOCTYPE html PUBLIC "-//W3C//DTD XHTML 1.0 Transitional//EN"
    "http://www.w3.org/TR/xhtml1/DTD/xhtml1-transitional.dtd">
<html xmlns="http://www.w3.org/1999/xhtml" xml:lang="en" lang="en">
 <head>
  <title>
</title>
<meta http-equiv="Content-Type" content="text/html;charset=utf-8" />
  <meta name='ocr-system' content='tesseract 3.04.00' />
  <meta name='ocr-capabilities' content='ocr_page ocr_carea ocr_par ocr_line ocrx_word'/>
</head>
<body>
  <div class='ocr_page' id='page_1' title='image "./constitutionuma01luxgoog_0051.png"; bbox 0 0 3688 5825; ppageno 0'>
   <div class='ocr_carea' id='block_1_1' title="bbox 1640 291 1723 355">
    <p class='ocr_par' dir='ltr' id='par_1_1' title="bbox 1640 291 1723 355">
     <span class='ocr_line' id='line_1_1' title="bbox 1640 291 1723 355; baseline -0.024 0"><span class='ocrx_word' id='word_1_1' title='bbox 1640 291 1723 355; x_wconf 78' lang='lat'>41</span> 
     </span>
    </p>
   </div>
   <div class='ocr_carea' id='block_1_2' title="bbox 1468 375 1897 385">
    <p class='ocr_par' dir='ltr' id='par_1_2' title="bbox 1468 375 1897 385">
     <span class='ocr_line' id='line_1_2' title="bbox 1468 375 1897 385; baseline 0 5440"><span class='ocrx_word' id='word_1_2' title='bbox 1468 375 1897 385; x_wconf 95' lang='lat' dir='ltr'> </span> 
     </span>
    </p>
   </div>
   <div class='ocr_carea' id='block_1_3' title="bbox 187 494 3172 1118">
    <p class='ocr_par' dir='ltr' id='par_1_3' title="bbox 187 494 3172 1118">
     <span class='ocr_line' id='line_1_3' title="bbox 403 494 3166 582; baseline 0.003 -21"><span class='ocrx_word' id='word_1_3' title='bbox 403 494 717 580; x_wconf 91' lang='lat' dir='ltr'>Denique</span> <span class='ocrx_word' id='word_1_4' title='bbox 766 499 938 563; x_wconf 85' lang='lat' dir='ltr'>certe</span> <span class='ocrx_word' id='word_1_5' title='bbox 1010 515 1146 563; x_wconf 91' lang='lat' dir='ltr'>non</span> <span class='ocrx_word' id='word_1_6' title='bbox 1219 499 1697 582; x_wconf 84' lang='lat' dir='ltr'>praetereunda</span> <span class='ocrx_word' id='word_1_7' title='bbox 1768 501 1868 565; x_wconf 92' lang='lat' dir='ltr'>est</span> <span class='ocrx_word' id='word_1_8' title='bbox 1937 499 2137 566; x_wconf 90' lang='lat' dir='ltr'>etiam</span> <span class='ocrx_word' id='word_1_9' title='bbox 2185 499 2573 566; x_wconf 91' lang='lat' dir='ltr'>constitutio</span> <span class='ocrx_word' id='word_1_10' title='bbox 2623 518 2712 567; x_wconf 90' lang='lat' dir='ltr'>sc.</span> <span class='ocrx_word' id='word_1_11' title='bbox 2791 500 3166 578; x_wconf 83' lang='lat' dir='ltr'>„Dudum</span> 
     </span>
     <span class='ocr_line' id='line_1_4' title="bbox 191 602 3170 695; baseline 0.003 -28"><span class='ocrx_word' id='word_1_12' title='bbox 191 619 488 669; x_wconf 87' lang='lat' dir='ltr'>omnes</span> <span class='ocrx_word' id='word_1_13' title='bbox 551 602 1420 693; x_wconf 30' lang='lat' dir='ltr'>canonicatus“¹)‚die</span> <span class='ocrx_word' id='word_1_14' title='bbox 1475 605 1572 672; x_wconf 83' lang='lat'>19.</span> <span class='ocrx_word' id='word_1_15' title='bbox 1620 605 1782 673; x_wconf 91' lang='lat' dir='ltr'>Dec.</span> <span class='ocrx_word' id='word_1_16' title='bbox 1840 606 2006 672; x_wconf 85' lang='lat'>1352</span> <span class='ocrx_word' id='word_1_17' title='bbox 2057 605 2250 685; x_wconf 89' lang='lat' dir='ltr'>edita,</span> <span class='ocrx_word' id='word_1_18' title='bbox 2310 625 2443 691; x_wconf 90' lang='lat' dir='ltr'>qua</span> <span class='ocrx_word' id='word_1_19' title='bbox 2490 606 2797 673; x_wconf 81' lang='lat' dir='ltr'>Pontifex</span> <span class='ocrx_word' id='word_1_20' title='bbox 2858 626 3170 695; x_wconf 78' lang='lat' dir='ltr'>expresse</span> 
     </span>
     <span class='ocr_line' id='line_1_5' title="bbox 191 708 3168 799; baseline 0.002 -25"><span class='ocrx_word' id='word_1_21' title='bbox 191 708 498 788; x_wconf 87' lang='lat' dir='ltr'>declarat,</span> <span class='ocrx_word' id='word_1_22' title='bbox 577 709 837 777; x_wconf 93' lang='lat' dir='ltr'>decreta</span> <span class='ocrx_word' id='word_1_23' title='bbox 911 708 1301 795; x_wconf 82' lang='lat' dir='ltr'>Apostolica</span> <span class='ocrx_word' id='word_1_24' title='bbox 1378 713 1546 779; x_wconf 92' lang='lat' dir='ltr'>circa</span> <span class='ocrx_word' id='word_1_25' title='bbox 1620 713 1894 779; x_wconf 87' lang='lat' dir='ltr'>liberam</span> <span class='ocrx_word' id='word_1_26' title='bbox 1974 714 2410 780; x_wconf 88' lang='lat' dir='ltr'>retentionem</span> <span class='ocrx_word' id='word_1_27' title='bbox 2492 714 2729 799; x_wconf 89' lang='lat' dir='ltr'>prioris</span> <span class='ocrx_word' id='word_1_28' title='bbox 2822 715 3168 782; x_wconf 92' lang='lat' dir='ltr'>cuiusdam</span> 
     </span>
     <span class='ocr_line' id='line_1_6' title="bbox 190 816 3172 906; baseline 0.003 -24"><span class='ocrx_word' id='word_1_29' title='bbox 190 816 501 883; x_wconf 88' lang='lat' dir='ltr'>beneficii</span> <span class='ocrx_word' id='word_1_30' title='bbox 574 817 1096 902; x_wconf 89' lang='lat' dir='ltr'>incompatibilis</span> <span class='ocrx_word' id='word_1_31' title='bbox 1167 836 1316 884; x_wconf 92' lang='lat' dir='ltr'>cum</span> <span class='ocrx_word' id='word_1_32' title='bbox 1389 819 1689 886; x_wconf 89' lang='lat' dir='ltr'>secundo</span> <span class='ocrx_word' id='word_1_33' title='bbox 1759 821 2145 887; x_wconf 90' lang='lat' dir='ltr'>auctoritate</span> <span class='ocrx_word' id='word_1_34' title='bbox 2214 819 2603 906; x_wconf 82' lang='lat' dir='ltr'>Apostolica</span> <span class='ocrx_word' id='word_1_35' title='bbox 2674 823 2951 889; x_wconf 92' lang='lat' dir='ltr'>obtento</span> <span class='ocrx_word' id='word_1_36' title='bbox 3014 824 3055 889; x_wconf 91' lang='lat' dir='ltr'>i.</span> <span class='ocrx_word' id='word_1_37' title='bbox 3115 843 3172 891; x_wconf 92' lang='lat' dir='ltr'>e.</span> 
     </span>
     <span class='ocr_line' id='line_1_7' title="bbox 191 921 3168 1013; baseline 0.004 -26"><span class='ocrx_word' id='word_1_38' title='bbox 191 921 476 1002; x_wconf 87' lang='lat' dir='ltr'>decreta,</span> <span class='ocrx_word' id='word_1_39' title='bbox 554 923 867 1010; x_wconf 88' lang='lat' dir='ltr'>„perinde</span> <span class='ocrx_word' id='word_1_40' title='bbox 937 924 1190 991; x_wconf 84' lang='lat' dir='ltr'>valere“</span> <span class='ocrx_word' id='word_1_41' title='bbox 1270 925 1594 993; x_wconf 89' lang='lat' dir='ltr'>beneficia</span> <span class='ocrx_word' id='word_1_42' title='bbox 1665 927 1848 1012; x_wconf 89' lang='lat' dir='ltr'>prius</span> <span class='ocrx_word' id='word_1_43' title='bbox 1896 930 2232 1013; x_wconf 90' lang='lat' dir='ltr'>acceptata</span> <span class='ocrx_word' id='word_1_44' title='bbox 2295 929 2381 994; x_wconf 89' lang='lat' dir='ltr'>ita</span> <span class='ocrx_word' id='word_1_45' title='bbox 2430 928 2710 1007; x_wconf 84' lang='lat' dir='ltr'>afficere,</span> <span class='ocrx_word' id='word_1_46' title='bbox 2780 931 2848 994; x_wconf 95' lang='lat' dir='ltr'>ut</span> <span class='ocrx_word' id='word_1_47' title='bbox 2897 930 2963 996; x_wconf 89' lang='lat' dir='ltr'>in</span> <span class='ocrx_word' id='word_1_48' title='bbox 3011 948 3168 998; x_wconf 91' lang='lat' dir='ltr'>casu</span> 
     </span>
     <span class='ocr_line' id='line_1_8' title="bbox 187 1029 2609 1118; baseline 0.003 -23"><span class='ocrx_word' id='word_1_49' title='bbox 187 1030 564 1096; x_wconf 89' lang='lat' dir='ltr'>vacationis</span> <span class='ocrx_word' id='word_1_50' title='bbox 611 1029 1044 1116; x_wconf 89' lang='lat' dir='ltr'>dispositioni</span> <span class='ocrx_word' id='word_1_51' title='bbox 1093 1030 1522 1118; x_wconf 81' lang='lat' dir='ltr'>Apostolicae</span> <span class='ocrx_word' id='word_1_52' title='bbox 1571 1034 1851 1101; x_wconf 92' lang='lat' dir='ltr'>omnino</span> <span class='ocrx_word' id='word_1_53' title='bbox 1901 1037 2243 1102; x_wconf 90' lang='lat' dir='ltr'>manerent</span> <span class='ocrx_word' id='word_1_54' title='bbox 2291 1035 2609 1102; x_wconf 91' lang='lat' dir='ltr'>subiecta.</span> 
     </span>
    </p>
   </div>
   <div class='ocr_carea' id='block_1_4' title="bbox 188 1172 3173 1902">
    <p class='ocr_par' dir='ltr' id='par_1_4' title="bbox 188 1172 3173 1902">
     <span class='ocr_line' id='line_1_9' title="bbox 404 1172 3169 1264; baseline 0.003 -26"><span class='ocrx_word' id='word_1_55' title='bbox 404 1172 969 1240; x_wconf 88' lang='lat' dir='ltr'>Innocentius</span> <span class='ocrx_word' id='word_1_56' title='bbox 1016 1173 1198 1260; x_wconf 91' lang='lat' dir='ltr'>Papa</span> <span class='ocrx_word' id='word_1_57' title='bbox 1230 1172 1410 1261; x_wconf 84' lang='lat' dir='ltr'>V1.2)</span> <span class='ocrx_word' id='word_1_58' title='bbox 1461 1178 1820 1261; x_wconf 88' lang='lat' dir='ltr'>postquam</span> <span class='ocrx_word' id='word_1_59' title='bbox 1871 1176 1979 1243; x_wconf 94' lang='lat' dir='ltr'>die</span> <span class='ocrx_word' id='word_1_60' title='bbox 2011 1177 2117 1244; x_wconf 82' lang='lat'>29.</span> <span class='ocrx_word' id='word_1_61' title='bbox 2146 1178 2293 1244; x_wconf 89' lang='lat' dir='ltr'>Jan.</span> <span class='ocrx_word' id='word_1_62' title='bbox 2338 1177 2572 1264; x_wconf 79' lang='grc'><strong>13533)</strong></span> <span class='ocrx_word' id='word_1_63' title='bbox 2621 1179 3169 1246; x_wconf 89' lang='lat' dir='ltr'>constitutionem</span> 
     </span>
     <span class='ocr_line' id='line_1_10' title="bbox 194 1279 3168 1371; baseline 0.003 -26"><span class='ocrx_word' id='word_1_64' title='bbox 194 1279 864 1365; x_wconf 81' lang='lat' dir='ltr'>¹,Experimento</span> <span class='ocrx_word' id='word_1_65' title='bbox 957 1281 1470 1349; x_wconf 83' lang='lat' dir='ltr'>didicimus“</span> <span class='ocrx_word' id='word_1_66' title='bbox 1555 1302 1592 1348; x_wconf 91' lang='lat' dir='ltr'>a</span> <span class='ocrx_word' id='word_1_67' title='bbox 1669 1283 2031 1351; x_wconf 91' lang='lat' dir='ltr'>Benedicto</span> <span class='ocrx_word' id='word_1_68' title='bbox 2111 1285 2624 1371; x_wconf 90' lang='lat' dir='ltr'>praedecessore</span> <span class='ocrx_word' id='word_1_69' title='bbox 2703 1305 2829 1353; x_wconf 88' lang='lat' dir='ltr'>suo</span> <span class='ocrx_word' id='word_1_70' title='bbox 2923 1286 3168 1354; x_wconf 91' lang='lat' dir='ltr'>editam</span> 
     </span>
     <span class='ocr_line' id='line_1_11' title="bbox 188 1387 3171 1479; baseline 0.003 -26"><span class='ocrx_word' id='word_1_71' title='bbox 188 1387 389 1469; x_wconf 85' lang='lat'>(1335</span> <span class='ocrx_word' id='word_1_72' title='bbox 442 1387 603 1454; x_wconf 89' lang='lat' dir='ltr'>Dec.</span> <span class='ocrx_word' id='word_1_73' title='bbox 660 1388 764 1470; x_wconf 87' lang='lat'>18)</span> <span class='ocrx_word' id='word_1_74' title='bbox 818 1389 1012 1473; x_wconf 92' lang='lat' dir='ltr'>quasi</span> <span class='ocrx_word' id='word_1_75' title='bbox 1060 1392 1465 1457; x_wconf 88' lang='lat' dir='ltr'>verbotenus</span> <span class='ocrx_word' id='word_1_76' title='bbox 1527 1390 1899 1458; x_wconf 89' lang='lat' dir='ltr'>reiterando</span> <span class='ocrx_word' id='word_1_77' title='bbox 1962 1411 2201 1459; x_wconf 89' lang='lat' dir='ltr'>omnes</span> <span class='ocrx_word' id='word_1_78' title='bbox 2260 1393 2508 1478; x_wconf 89' lang='lat' dir='ltr'>gratias</span> <span class='ocrx_word' id='word_1_79' title='bbox 2557 1395 3039 1479; x_wconf 89' lang='lat' dir='ltr'>exspectativas</span> <span class='ocrx_word' id='word_1_80' title='bbox 3087 1395 3171 1460; x_wconf 88' lang='lat' dir='ltr'>ab</span> 
     </span>
     <span class='ocr_line' id='line_1_12' title="bbox 189 1495 3173 1586; baseline 0.002 -26"><span class='ocrx_word' id='word_1_81' title='bbox 189 1495 731 1562; x_wconf 87' lang='lat' dir='ltr'>antecessoribus</span> <span class='ocrx_word' id='word_1_82' title='bbox 793 1496 934 1562; x_wconf 90' lang='lat' dir='ltr'>suis</span> <span class='ocrx_word' id='word_1_83' title='bbox 993 1496 1198 1563; x_wconf 90' lang='lat' dir='ltr'>factas</span> <span class='ocrx_word' id='word_1_84' title='bbox 1261 1498 1609 1576; x_wconf 90' lang='lat' dir='ltr'>revocavit,</span> <span class='ocrx_word' id='word_1_85' title='bbox 1690 1498 1755 1563; x_wconf 92' lang='lat' dir='ltr'>in</span> <span class='ocrx_word' id='word_1_86' title='bbox 1836 1499 2166 1584; x_wconf 91' lang='lat' dir='ltr'>principio</span> <span class='ocrx_word' id='word_1_87' title='bbox 2244 1500 2346 1565; x_wconf 90' lang='lat' dir='ltr'>sui</span> <span class='ocrx_word' id='word_1_88' title='bbox 2427 1501 2856 1586; x_wconf 78' lang='lat' dir='ltr'>pontificatus</span> <span class='ocrx_word' id='word_1_89' title='bbox 2934 1518 3173 1568; x_wconf 91' lang='lat' dir='ltr'>omnes</span> 
     </span>
     <span class='ocr_line' id='line_1_13' title="bbox 188 1601 3169 1693; baseline 0.002 -26"><span class='ocrx_word' id='word_1_90' title='bbox 188 1601 573 1688; x_wconf 86' lang='lat' dir='ltr'>dignitates,</span> <span class='ocrx_word' id='word_1_91' title='bbox 646 1606 1064 1687; x_wconf 82' lang='lat' dir='ltr'>personatuS,</span> <span class='ocrx_word' id='word_1_92' title='bbox 1132 1603 1353 1670; x_wconf 83' lang='lat' dir='ltr'>officia</span> <span class='ocrx_word' id='word_1_93' title='bbox 1421 1607 1771 1689; x_wconf 89' lang='lat' dir='ltr'>ceteraque</span> <span class='ocrx_word' id='word_1_94' title='bbox 1843 1605 2168 1673; x_wconf 84' lang='lat' dir='ltr'>beneficia</span> <span class='ocrx_word' id='word_1_95' title='bbox 2237 1606 2680 1675; x_wconf 89' lang='lat' dir='ltr'>ecclesiastica</span> <span class='ocrx_word' id='word_1_96' title='bbox 2729 1611 2887 1676; x_wconf 90' lang='lat' dir='ltr'>tunc</span> <span class='ocrx_word' id='word_1_97' title='bbox 2956 1605 3169 1693; x_wconf 91' lang='lat' dir='ltr'>apud</span> 
     </span>
     <span class='ocr_line' id='line_1_14' title="bbox 188 1706 3171 1800; baseline 0.001 -25"><span class='ocrx_word' id='word_1_98' title='bbox 188 1708 473 1775; x_wconf 93' lang='lat' dir='ltr'>Sedem</span> <span class='ocrx_word' id='word_1_99' title='bbox 555 1706 1100 1794; x_wconf 81' lang='lat' dir='ltr'>Apostolicam</span> <span class='ocrx_word' id='word_1_100' title='bbox 1180 1712 1479 1778; x_wconf 89' lang='lat' dir='ltr'>vacantia</span> <span class='ocrx_word' id='word_1_101' title='bbox 1557 1713 1622 1777; x_wconf 97' lang='lat' dir='ltr'>et</span> <span class='ocrx_word' id='word_1_102' title='bbox 1700 1712 1765 1776; x_wconf 92' lang='lat' dir='ltr'>in</span> <span class='ocrx_word' id='word_1_103' title='bbox 1847 1715 2041 1778; x_wconf 89' lang='lat' dir='ltr'>antea</span> <span class='ocrx_word' id='word_1_104' title='bbox 2117 1717 2422 1781; x_wconf 90' lang='lat' dir='ltr'>vacatura</span> <span class='ocrx_word' id='word_1_105' title='bbox 2502 1733 2663 1782; x_wconf 90' lang='lat' dir='ltr'>suae</span> <span class='ocrx_word' id='word_1_106' title='bbox 2743 1714 3171 1800; x_wconf 89' lang='lat' dir='ltr'>dispositioni</span> 
     </span>
     <span class='ocr_line' id='line_1_15' title="bbox 189 1815 2598 1902; baseline 0.003 -22"><span class='ocrx_word' id='word_1_107' title='bbox 189 1816 618 1902; x_wconf 75' lang='lat' dir='ltr'>reservavit4)</span> <span class='ocrx_word' id='word_1_108' title='bbox 666 1835 816 1883; x_wconf 91' lang='lat' dir='ltr'>cum</span> <span class='ocrx_word' id='word_1_109' title='bbox 867 1815 1181 1884; x_wconf 90' lang='lat' dir='ltr'>adiuncto</span> <span class='ocrx_word' id='word_1_110' title='bbox 1229 1817 1495 1884; x_wconf 91' lang='lat' dir='ltr'>decreto</span> <span class='ocrx_word' id='word_1_111' title='bbox 1546 1819 1831 1885; x_wconf 92' lang='lat' dir='ltr'>irritante</span> <span class='ocrx_word' id='word_1_112' title='bbox 1883 1818 1949 1884; x_wconf 92' lang='lat' dir='ltr'>in</span> <span class='ocrx_word' id='word_1_113' title='bbox 1998 1819 2208 1887; x_wconf 89' lang='lat' dir='ltr'>forma</span> <span class='ocrx_word' id='word_1_114' title='bbox 2256 1825 2598 1888; x_wconf 89' lang='lat' dir='ltr'>consueta.</span> 
     </span>
    </p>
   </div>
   <div class='ocr_carea' id='block_1_5' title="bbox 188 1958 3174 2478">
    <p class='ocr_par' dir='ltr' id='par_1_5' title="bbox 188 1958 3174 2478">
     <span class='ocr_line' id='line_1_16' title="bbox 404 1958 3174 2047; baseline 0.003 -22"><span class='ocrx_word' id='word_1_115' title='bbox 404 1958 614 2026; x_wconf 90' lang='lat' dir='ltr'>Porro</span> <span class='ocrx_word' id='word_1_116' title='bbox 661 1960 945 2045; x_wconf 90' lang='lat' dir='ltr'>vestigia</span> <span class='ocrx_word' id='word_1_117' title='bbox 1016 1960 1605 2045; x_wconf 90' lang='lat' dir='ltr'>praedecessorum</span> <span class='ocrx_word' id='word_1_118' title='bbox 1674 1980 1947 2028; x_wconf 91' lang='lat' dir='ltr'>suorum</span> <span class='ocrx_word' id='word_1_119' title='bbox 1999 1980 2332 2047; x_wconf 81' lang='lat' dir='ltr'>premenS,</span> <span class='ocrx_word' id='word_1_120' title='bbox 2399 1964 2636 2030; x_wconf 92' lang='lat' dir='ltr'>eodem</span> <span class='ocrx_word' id='word_1_121' title='bbox 2688 1964 2896 2031; x_wconf 91' lang='lat' dir='ltr'>modo</span> <span class='ocrx_word' id='word_1_122' title='bbox 2945 1966 3174 2032; x_wconf 89' lang='lat' dir='ltr'>omnia</span> 
     </span>
     <span class='ocr_line' id='line_1_17' title="bbox 188 2066 3170 2157; baseline 0.002 -24"><span class='ocrx_word' id='word_1_123' title='bbox 188 2067 523 2134; x_wconf 91' lang='lat' dir='ltr'>beneficia</span> <span class='ocrx_word' id='word_1_124' title='bbox 587 2066 1030 2134; x_wconf 88' lang='lat' dir='ltr'>ecclesiastica</span> <span class='ocrx_word' id='word_1_125' title='bbox 1100 2085 1249 2134; x_wconf 91' lang='lat' dir='ltr'>cum</span> <span class='ocrx_word' id='word_1_126' title='bbox 1322 2086 1475 2134; x_wconf 93' lang='lat' dir='ltr'>cura</span> <span class='ocrx_word' id='word_1_127' title='bbox 1523 2071 1587 2134; x_wconf 91' lang='lat' dir='ltr'>et</span> <span class='ocrx_word' id='word_1_128' title='bbox 1634 2086 2074 2154; x_wconf 91' lang='lat' dir='ltr'>quaecunque</span> <span class='ocrx_word' id='word_1_129' title='bbox 2125 2089 2241 2155; x_wconf 91' lang='lat' dir='ltr'>per</span> <span class='ocrx_word' id='word_1_130' title='bbox 2287 2072 2777 2138; x_wconf 90' lang='lat' dir='ltr'>assecutionem</span> <span class='ocrx_word' id='word_1_131' title='bbox 2827 2072 3170 2157; x_wconf 78' lang='lat' dir='ltr'>pacificam</span> 
     </span>
     <span class='ocr_line' id='line_1_18' title="bbox 189 2174 3170 2265; baseline 0.002 -25"><span class='ocrx_word' id='word_1_132' title='bbox 189 2174 672 2260; x_wconf 88' lang='lat' dir='ltr'>parochialium</span> <span class='ocrx_word' id='word_1_133' title='bbox 786 2175 1208 2241; x_wconf 90' lang='lat' dir='ltr'>ecclesiarum</span> <span class='ocrx_word' id='word_1_134' title='bbox 1303 2178 1368 2241; x_wconf 91' lang='lat' dir='ltr'>et</span> <span class='ocrx_word' id='word_1_135' title='bbox 1459 2175 1938 2242; x_wconf 88' lang='lat' dir='ltr'>beneficiorum</span> <span class='ocrx_word' id='word_1_136' title='bbox 2051 2177 2647 2245; x_wconf 89' lang='lat' dir='ltr'>ecclesiasticorum</span> <span class='ocrx_word' id='word_1_137' title='bbox 2742 2197 2858 2264; x_wconf 93' lang='lat' dir='ltr'>per</span> <span class='ocrx_word' id='word_1_138' title='bbox 2949 2180 3170 2265; x_wconf 90' lang='lat' dir='ltr'>ipsum</span> 
     </span>
     <span class='ocr_line' id='line_1_19' title="bbox 188 2281 3174 2354; baseline 0.002 -8"><span class='ocrx_word' id='word_1_139' title='bbox 188 2281 589 2348; x_wconf 81' lang='lat' dir='ltr'>Pontificem</span> <span class='ocrx_word' id='word_1_140' title='bbox 640 2300 759 2348; x_wconf 92' lang='lat' dir='ltr'>seu</span> <span class='ocrx_word' id='word_1_141' title='bbox 809 2282 1192 2349; x_wconf 87' lang='lat' dir='ltr'>auctoritate</span> <span class='ocrx_word' id='word_1_142' title='bbox 1240 2300 1360 2348; x_wconf 90' lang='lat' dir='ltr'>sua</span> <span class='ocrx_word' id='word_1_143' title='bbox 1429 2282 1820 2350; x_wconf 89' lang='lat' dir='ltr'>collatorum</span> <span class='ocrx_word' id='word_1_144' title='bbox 1870 2286 1933 2349; x_wconf 97' lang='lat' dir='ltr'>et</span> <span class='ocrx_word' id='word_1_145' title='bbox 1983 2284 2048 2349; x_wconf 92' lang='lat' dir='ltr'>in</span> <span class='ocrx_word' id='word_1_146' title='bbox 2122 2287 2317 2351; x_wconf 92' lang='lat' dir='ltr'>antea</span> <span class='ocrx_word' id='word_1_147' title='bbox 2386 2285 2941 2351; x_wconf 85' lang='lat' dir='ltr'>conferendorum</span> <span class='ocrx_word' id='word_1_148' title='bbox 2991 2289 3174 2354; x_wconf 90' lang='lat' dir='ltr'>tunc</span> 
     </span>
     <span class='ocr_line' id='line_1_20' title="bbox 188 2390 2797 2478; baseline 0.002 -25"><span class='ocrx_word' id='word_1_149' title='bbox 188 2390 493 2456; x_wconf 89' lang='lat' dir='ltr'>vacantia</span> <span class='ocrx_word' id='word_1_150' title='bbox 542 2392 606 2455; x_wconf 91' lang='lat' dir='ltr'>et</span> <span class='ocrx_word' id='word_1_151' title='bbox 653 2390 736 2454; x_wconf 92' lang='lat' dir='ltr'>in</span> <span class='ocrx_word' id='word_1_152' title='bbox 788 2392 1188 2474; x_wconf 90' lang='lat' dir='ltr'>posterum</span> <span class='ocrx_word' id='word_1_153' title='bbox 1237 2391 1541 2455; x_wconf 90' lang='lat' dir='ltr'>vacatura</span> <span class='ocrx_word' id='word_1_154' title='bbox 1590 2408 1750 2456; x_wconf 88' lang='lat' dir='ltr'>suae</span> <span class='ocrx_word' id='word_1_155' title='bbox 1799 2391 2222 2477; x_wconf 66' lang='lat' dir='ltr'>reservavitb)</span> <span class='ocrx_word' id='word_1_156' title='bbox 2270 2390 2797 2478; x_wconf 77' lang='lat' dir='ltr'>dispositioni.⁶)</span> 
     </span>
    </p>
   </div>
   <div class='ocr_carea' id='block_1_6' title="bbox 190 2531 3174 3159">
    <p class='ocr_par' dir='ltr' id='par_1_6' title="bbox 190 2531 3174 3159">
     <span class='ocr_line' id='line_1_21' title="bbox 405 2531 3171 2620; baseline 0.002 -22"><span class='ocrx_word' id='word_1_157' title='bbox 405 2531 671 2598; x_wconf 89' lang='lat' dir='ltr'>Deinde</span> <span class='ocrx_word' id='word_1_158' title='bbox 704 2532 1093 2599; x_wconf 89' lang='lat' dir='ltr'>constitutio</span> <span class='ocrx_word' id='word_1_159' title='bbox 1135 2531 1536 2609; x_wconf 84' lang='lat' dir='ltr'>„Pastoris</span> <span class='ocrx_word' id='word_1_160' title='bbox 1585 2533 1938 2600; x_wconf 85' lang='lat' dir='ltr'>aeterni“</span> <span class='ocrx_word' id='word_1_161' title='bbox 1965 2533 2015 2620; x_wconf 71' lang='grc'>7)</span> <span class='ocrx_word' id='word_1_162' title='bbox 2052 2571 2137 2581; x_wconf 94' lang='grc'>-</span> <span class='ocrx_word' id='word_1_163' title='bbox 2177 2533 2343 2601; x_wconf 88' lang='lat'>1353</span> <span class='ocrx_word' id='word_1_164' title='bbox 2375 2535 2538 2601; x_wconf 86' lang='lat' dir='ltr'>Maii</span> <span class='ocrx_word' id='word_1_165' title='bbox 2581 2536 2659 2602; x_wconf 89' lang='lat'>18</span> <span class='ocrx_word' id='word_1_166' title='bbox 2690 2574 2779 2582; x_wconf 93' lang='lat'><strong>—</strong></span> <span class='ocrx_word' id='word_1_167' title='bbox 2811 2536 2897 2603; x_wconf 94' lang='lat' dir='ltr'>ab</span> <span class='ocrx_word' id='word_1_168' title='bbox 2931 2536 3171 2603; x_wconf 91' lang='lat' dir='ltr'>eodem</span> 
     </span>
     <span class='ocr_line' id='line_1_22' title="bbox 190 2637 3172 2728; baseline 0.002 -24"><span class='ocrx_word' id='word_1_169' title='bbox 190 2637 521 2706; x_wconf 87' lang='lat' dir='ltr'>Pontifice</span> <span class='ocrx_word' id='word_1_170' title='bbox 571 2638 813 2706; x_wconf 89' lang='lat' dir='ltr'>directa</span> <span class='ocrx_word' id='word_1_171' title='bbox 860 2643 963 2706; x_wconf 90' lang='lat' dir='ltr'>est</span> <span class='ocrx_word' id='word_1_172' title='bbox 1006 2642 1236 2707; x_wconf 90' lang='lat' dir='ltr'>contra</span> <span class='ocrx_word' id='word_1_173' title='bbox 1283 2640 1639 2706; x_wconf 90' lang='lat' dir='ltr'>retinentes</span> <span class='ocrx_word' id='word_1_174' title='bbox 1672 2641 1736 2706; x_wconf 91' lang='lat' dir='ltr'>vi</span> <span class='ocrx_word' id='word_1_175' title='bbox 1771 2640 2187 2726; x_wconf 90' lang='lat' dir='ltr'>quarundam</span> <span class='ocrx_word' id='word_1_176' title='bbox 2221 2642 2602 2709; x_wconf 87' lang='lat' dir='ltr'>Litterarum</span> <span class='ocrx_word' id='word_1_177' title='bbox 2638 2641 3172 2728; x_wconf 82' lang='lat' dir='ltr'>Apostolicarum</span> 
     </span>
     <span class='ocr_line' id='line_1_23' title="bbox 190 2745 3171 2837; baseline 0.002 -26"><span class='ocrx_word' id='word_1_178' title='bbox 190 2745 419 2831; x_wconf 88' lang='lat' dir='ltr'>plures</span> <span class='ocrx_word' id='word_1_179' title='bbox 493 2747 919 2831; x_wconf 81' lang='lat' dir='ltr'>praelaturaS,</span> <span class='ocrx_word' id='word_1_180' title='bbox 990 2747 1340 2832; x_wconf 77' lang='lat' dir='ltr'>prioratuS,</span> <span class='ocrx_word' id='word_1_181' title='bbox 1414 2746 1795 2833; x_wconf 87' lang='lat' dir='ltr'>dignitates,</span> <span class='ocrx_word' id='word_1_182' title='bbox 1868 2748 2192 2814; x_wconf 89' lang='lat' dir='ltr'>beneficia</span> <span class='ocrx_word' id='word_1_183' title='bbox 2241 2752 2360 2815; x_wconf 90' lang='lat' dir='ltr'>etc.</span> <span class='ocrx_word' id='word_1_184' title='bbox 2411 2751 2582 2816; x_wconf 88' lang='lat' dir='ltr'>certe</span> <span class='ocrx_word' id='word_1_185' title='bbox 2638 2768 2789 2817; x_wconf 92' lang='lat' dir='ltr'>cum</span> <span class='ocrx_word' id='word_1_186' title='bbox 2839 2752 3171 2837; x_wconf 89' lang='lat' dir='ltr'>prioribus</span> 
     </span>
     <span class='ocr_line' id='line_1_24' title="bbox 192 2853 3173 2941; baseline 0.002 -22"><span class='ocrx_word' id='word_1_187' title='bbox 192 2853 866 2939; x_wconf 88' lang='lat' dir='ltr'>incompatibilia.</span> <span class='ocrx_word' id='word_1_188' title='bbox 963 2853 1370 2921; x_wconf 88' lang='lat' dir='ltr'>Huiusmodi</span> <span class='ocrx_word' id='word_1_189' title='bbox 1465 2854 1743 2922; x_wconf 88' lang='lat' dir='ltr'>Litteras</span> <span class='ocrx_word' id='word_1_190' title='bbox 1836 2854 2425 2941; x_wconf 88' lang='lat' dir='ltr'>praedecessorum</span> <span class='ocrx_word' id='word_1_191' title='bbox 2505 2875 2778 2924; x_wconf 90' lang='lat' dir='ltr'>suorum</span> <span class='ocrx_word' id='word_1_192' title='bbox 2858 2858 3173 2927; x_wconf 88' lang='lat' dir='ltr'>irritando</span> 
     </span>
     <span class='ocr_line' id='line_1_25' title="bbox 198 2960 3174 3050; baseline 0.003 -25"><span class='ocrx_word' id='word_1_193' title='bbox 198 2960 364 3036; x_wconf 87' lang='lat' dir='ltr'>„hac</span> <span class='ocrx_word' id='word_1_194' title='bbox 411 2962 594 3028; x_wconf 85' lang='lat' dir='ltr'>vice“</span> <span class='ocrx_word' id='word_1_195' title='bbox 648 2980 887 3028; x_wconf 90' lang='lat' dir='ltr'>omnes</span> <span class='ocrx_word' id='word_1_196' title='bbox 935 2965 1000 3028; x_wconf 91' lang='lat' dir='ltr'>et</span> <span class='ocrx_word' id='word_1_197' title='bbox 1070 2962 1374 3047; x_wconf 88' lang='lat' dir='ltr'>singulas</span> <span class='ocrx_word' id='word_1_198' title='bbox 1444 2962 1880 3030; x_wconf 92' lang='lat' dir='ltr'>commendas</span> <span class='ocrx_word' id='word_1_199' title='bbox 1928 2966 1992 3030; x_wconf 92' lang='lat' dir='ltr'>et</span> <span class='ocrx_word' id='word_1_200' title='bbox 2039 2964 2514 3031; x_wconf 90' lang='lat' dir='ltr'>concessiones</span> <span class='ocrx_word' id='word_1_201' title='bbox 2562 2964 2717 3031; x_wconf 90' lang='lat' dir='ltr'>dicti</span> <span class='ocrx_word' id='word_1_202' title='bbox 2775 2967 3042 3050; x_wconf 91' lang='lat' dir='ltr'>generis</span> <span class='ocrx_word' id='word_1_203' title='bbox 3090 2966 3174 3034; x_wconf 92' lang='lat' dir='ltr'>de</span> 
     </span>
     <span class='ocr_line' id='line_1_26' title="bbox 193 3069 3174 3159; baseline 0.002 -25"><span class='ocrx_word' id='word_1_204' title='bbox 193 3069 715 3154; x_wconf 89' lang='lat' dir='ltr'>quibuscunque</span> <span class='ocrx_word' id='word_1_205' title='bbox 809 3069 1297 3137; x_wconf 89' lang='lat' dir='ltr'>cathedralibus</span> <span class='ocrx_word' id='word_1_206' title='bbox 1393 3069 1495 3136; x_wconf 91' lang='lat' dir='ltr'>vel</span> <span class='ocrx_word' id='word_1_207' title='bbox 1589 3070 1738 3137; x_wconf 91' lang='lat' dir='ltr'>aliis</span> <span class='ocrx_word' id='word_1_208' title='bbox 1831 3070 2147 3150; x_wconf 80' lang='lat' dir='ltr'>ecclesiiS,</span> <span class='ocrx_word' id='word_1_209' title='bbox 2243 3072 2686 3151; x_wconf 78' lang='lat' dir='ltr'>monasteriiS,</span> <span class='ocrx_word' id='word_1_210' title='bbox 2765 3073 3174 3159; x_wconf 90' lang='lat' dir='ltr'>praelaturis,</span> 
     </span>
    </p>
   </div>
   <div class='ocr_carea' id='block_1_7' title="bbox 191 3175 3175 3350">
    <p class='ocr_par' dir='ltr' id='par_1_7' title="bbox 191 3175 3175 3350">
     <span class='ocr_line' id='line_1_27' title="bbox 191 3175 3175 3263; baseline 0.003 -23"><span class='ocrx_word' id='word_1_211' title='bbox 191 3175 617 3260; x_wconf 80' lang='lat' dir='ltr'>prioratibuS,</span> <span class='ocrx_word' id='word_1_212' title='bbox 668 3175 1106 3262; x_wconf 92' lang='lat' dir='ltr'>dignitatibus</span> <span class='ocrx_word' id='word_1_213' title='bbox 1154 3180 1273 3243; x_wconf 92' lang='lat' dir='ltr'>etc.</span> <span class='ocrx_word' id='word_1_214' title='bbox 1324 3215 1412 3224; x_wconf 95' lang='lat'>-—</span> <span class='ocrx_word' id='word_1_215' title='bbox 1458 3178 1751 3263; x_wconf 87' lang='lat' dir='ltr'>exceptis</span> <span class='ocrx_word' id='word_1_216' title='bbox 1799 3181 2055 3244; x_wconf 89' lang='lat' dir='ltr'>tantum</span> <span class='ocrx_word' id='word_1_217' title='bbox 2103 3178 3175 3248; x_wconf 89' lang='lat' dir='ltr'>concessionibusCardinalibus</span> 
     </span>
     <span class='ocr_line' id='line_1_28' title="bbox 191 3283 995 3350; baseline 0 -2"><span class='ocrx_word' id='word_1_218' title='bbox 191 3283 382 3350; x_wconf 85' lang='lat' dir='ltr'>factis</span> <span class='ocrx_word' id='word_1_219' title='bbox 431 3321 521 3329; x_wconf 91' lang='lat'>—</span> <span class='ocrx_word' id='word_1_220' title='bbox 569 3284 995 3349; x_wconf 90' lang='lat' dir='ltr'>revocavit.</span> 
     </span>
    </p>
   </div>
   <div class='ocr_carea' id='block_1_8' title="bbox 194 3425 3176 3621">
    <p class='ocr_par' dir='ltr' id='par_1_8' title="bbox 194 3425 3176 3621">
     <span class='ocr_line' id='line_1_29' title="bbox 406 3425 3175 3516; baseline 0.002 -26"><span class='ocrx_word' id='word_1_221' title='bbox 406 3425 723 3510; x_wconf 91' lang='lat' dir='ltr'>Denique</span> <span class='ocrx_word' id='word_1_222' title='bbox 772 3426 1104 3510; x_wconf 90' lang='lat' dir='ltr'>praefatus</span> <span class='ocrx_word' id='word_1_223' title='bbox 1151 3425 1479 3506; x_wconf 86' lang='lat' dir='ltr'>Pontifex,</span> <span class='ocrx_word' id='word_1_224' title='bbox 1537 3445 1689 3494; x_wconf 92' lang='lat' dir='ltr'>cum</span> <span class='ocrx_word' id='word_1_225' title='bbox 1741 3426 2170 3512; x_wconf 90' lang='lat' dir='ltr'>dispendium</span> <span class='ocrx_word' id='word_1_226' title='bbox 2221 3445 2357 3494; x_wconf 89' lang='lat' dir='ltr'>non</span> <span class='ocrx_word' id='word_1_227' title='bbox 2408 3428 2746 3495; x_wconf 90' lang='lat' dir='ltr'>modicum</span> <span class='ocrx_word' id='word_1_228' title='bbox 2796 3447 2876 3496; x_wconf 89' lang='lat' dir='ltr'>ex</span> <span class='ocrx_word' id='word_1_229' title='bbox 2925 3448 3175 3516; x_wconf 89' lang='lat' dir='ltr'>magno</span> 
     </span>
     <span class='ocr_line' id='line_1_30' title="bbox 194 3533 3176 3621; baseline 0.002 -21"><span class='ocrx_word' id='word_1_230' title='bbox 194 3533 673 3600; x_wconf 87' lang='lat' dir='ltr'>beneficiorum</span> <span class='ocrx_word' id='word_1_231' title='bbox 765 3536 1244 3600; x_wconf 89' lang='lat' dir='ltr'>reservatorum</span> <span class='ocrx_word' id='word_1_232' title='bbox 1325 3554 1603 3600; x_wconf 89' lang='lat' dir='ltr'>numero</span> <span class='ocrx_word' id='word_1_233' title='bbox 1683 3535 2088 3621; x_wconf 88' lang='lat' dir='ltr'>proveniens</span> <span class='ocrx_word' id='word_1_234' title='bbox 2167 3553 2507 3601; x_wconf 91' lang='lat' dir='ltr'>removere</span> <span class='ocrx_word' id='word_1_235' title='bbox 2587 3535 2974 3616; x_wconf 91' lang='lat' dir='ltr'>intenderet,</span> <span class='ocrx_word' id='word_1_236' title='bbox 3067 3536 3176 3606; x_wconf 87' lang='lat' dir='ltr'>die</span> 
     </span>
    </p>
   </div>
   <div class='ocr_carea' id='block_1_9' title="bbox 192 3697 549 3704">
    <p class='ocr_par' dir='ltr' id='par_1_9' title="bbox 192 3697 549 3704">
     <span class='ocr_line' id='line_1_31' title="bbox 192 3697 549 3704; baseline 0 2121"><span class='ocrx_word' id='word_1_237' title='bbox 192 3697 549 3704; x_wconf 95' lang='lat' dir='ltr'> </span> 
     </span>
    </p>
   </div>
   <div class='ocr_carea' id='block_1_10' title="bbox 319 3798 1114 4033">
    <p class='ocr_par' dir='ltr' id='par_1_10' title="bbox 319 3798 1114 4033">
     <span class='ocr_line' id='line_1_32' title="bbox 319 3798 1114 3868; baseline -0.001 -13"><span class='ocrx_word' id='word_1_238' title='bbox 319 3802 367 3868; x_wconf 81' lang='lat'>¹)</span> <span class='ocrx_word' id='word_1_239' title='bbox 408 3799 544 3855; x_wconf 88' lang='lat' dir='ltr'>Cod.</span> <span class='ocrx_word' id='word_1_240' title='bbox 584 3798 643 3855; x_wconf 87' lang='lat' dir='ltr'>B.</span> <span class='ocrx_word' id='word_1_241' title='bbox 683 3799 774 3853; x_wconf 89' lang='lat' dir='ltr'>fol.</span> <span class='ocrx_word' id='word_1_242' title='bbox 821 3800 1114 3855; x_wconf 84' lang='lat'>140—141.</span> 
     </span>
     <span class='ocr_line' id='line_1_33' title="bbox 409 3887 910 3945; baseline 0 -2"><span class='ocrx_word' id='word_1_243' title='bbox 409 3887 547 3943; x_wconf 89' lang='lat' dir='ltr'>Cod.</span> <span class='ocrx_word' id='word_1_244' title='bbox 588 3888 652 3943; x_wconf 92' lang='lat' dir='ltr'>V.</span> <span class='ocrx_word' id='word_1_245' title='bbox 694 3887 784 3943; x_wconf 88' lang='lat' dir='ltr'>fol.</span> <span class='ocrx_word' id='word_1_246' title='bbox 825 3889 910 3945; x_wconf 89' lang='lat'>97.</span> 
     </span>
     <span class='ocr_line' id='line_1_34' title="bbox 410 3978 849 4033; baseline 0.002 -1"><span class='ocrx_word' id='word_1_247' title='bbox 410 3978 467 4033; x_wconf 88' lang='lat' dir='ltr'>P.</span> <span class='ocrx_word' id='word_1_248' title='bbox 511 3978 614 4033; x_wconf 91' lang='lat' dir='ltr'>VII.</span> <span class='ocrx_word' id='word_1_249' title='bbox 655 3978 728 4032; x_wconf 88' lang='lat' dir='ltr'>n⁰</span> <span class='ocrx_word' id='word_1_250' title='bbox 763 3979 849 4033; x_wconf 84' lang='lat'>46.</span> 
     </span>
    </p>
   </div>
   <div class='ocr_carea' id='block_1_11' title="bbox 319 4085 2653 4154">
    <p class='ocr_par' dir='ltr' id='par_1_11' title="bbox 319 4085 2653 4154">
     <span class='ocr_line' id='line_1_35' title="bbox 319 4085 2653 4154; baseline 0.001 -14"><span class='ocrx_word' id='word_1_251' title='bbox 319 4086 364 4154; x_wconf 67' lang='grc'>2)</span> <span class='ocrx_word' id='word_1_252' title='bbox 403 4085 619 4141; x_wconf 84' lang='lat' dir='ltr'>Electus</span> <span class='ocrx_word' id='word_1_253' title='bbox 655 4086 940 4141; x_wconf 85' lang='lat' dir='ltr'>Avenione</span> <span class='ocrx_word' id='word_1_254' title='bbox 980 4086 1069 4140; x_wconf 90' lang='lat' dir='ltr'>die</span> <span class='ocrx_word' id='word_1_255' title='bbox 1112 4086 1191 4142; x_wconf 91' lang='lat'>18.</span> <span class='ocrx_word' id='word_1_256' title='bbox 1232 4087 1362 4141; x_wconf 90' lang='lat' dir='ltr'>Dec.</span> <span class='ocrx_word' id='word_1_257' title='bbox 1407 4087 1541 4143; x_wconf 87' lang='grc'><strong>1352</strong></span> <span class='ocrx_word' id='word_1_258' title='bbox 1580 4119 1647 4125; x_wconf 90' lang='lat'>—-</span> <span class='ocrx_word' id='word_1_259' title='bbox 1686 4089 1967 4143; x_wconf 90' lang='lat' dir='ltr'>coronatas</span> <span class='ocrx_word' id='word_1_260' title='bbox 2006 4089 2205 4143; x_wconf 89' lang='lat' dir='ltr'>ibidem</span> <span class='ocrx_word' id='word_1_261' title='bbox 2246 4087 2335 4143; x_wconf 90' lang='lat' dir='ltr'>die</span> <span class='ocrx_word' id='word_1_262' title='bbox 2373 4088 2459 4143; x_wconf 88' lang='lat'>30.</span> <span class='ocrx_word' id='word_1_263' title='bbox 2498 4105 2544 4143; x_wconf 91' lang='lat' dir='ltr'>e.</span> <span class='ocrx_word' id='word_1_264' title='bbox 2585 4104 2653 4143; x_wconf 93' lang='lat' dir='ltr'>m.</span> 
     </span>
    </p>
   </div>
   <div class='ocr_carea' id='block_1_12' title="bbox 322 4194 1331 4442">
    <p class='ocr_par' dir='ltr' id='par_1_12' title="bbox 322 4194 1331 4442">
     <span class='ocr_line' id='line_1_36' title="bbox 322 4194 1151 4265; baseline -0.007 -11"><span class='ocrx_word' id='word_1_265' title='bbox 322 4194 368 4263; x_wconf 80' lang='lat'>³)</span> <span class='ocrx_word' id='word_1_266' title='bbox 409 4194 538 4265; x_wconf 80' lang='lat' dir='ltr'>Reg.</span> <span class='ocrx_word' id='word_1_267' title='bbox 579 4194 699 4249; x_wconf 92' lang='lat' dir='ltr'>Vat.</span> <span class='ocrx_word' id='word_1_268' title='bbox 739 4196 774 4250; x_wconf 90' lang='grc'>1.</span> <span class='ocrx_word' id='word_1_269' title='bbox 817 4195 914 4249; x_wconf 90' lang='grc'>221</span> <span class='ocrx_word' id='word_1_270' title='bbox 959 4195 1030 4248; x_wconf 87' lang='lat' dir='ltr'>n⁰</span> <span class='ocrx_word' id='word_1_271' title='bbox 1065 4194 1151 4249; x_wconf 90' lang='grc'>33.</span> 
     </span>
     <span class='ocr_line' id='line_1_37' title="bbox 412 4282 1118 4339; baseline 0 -1"><span class='ocrx_word' id='word_1_272' title='bbox 412 4282 550 4338; x_wconf 89' lang='lat' dir='ltr'>Cod.</span> <span class='ocrx_word' id='word_1_273' title='bbox 590 4283 648 4338; x_wconf 90' lang='lat' dir='ltr'>B.</span> <span class='ocrx_word' id='word_1_274' title='bbox 688 4283 778 4338; x_wconf 92' lang='lat' dir='ltr'>fol.</span> <span class='ocrx_word' id='word_1_275' title='bbox 824 4284 1118 4339; x_wconf 81' lang='lat'>142—145.</span> 
     </span>
     <span class='ocr_line' id='line_1_38' title="bbox 413 4371 1331 4442; baseline -0.001 -14"><span class='ocrx_word' id='word_1_276' title='bbox 413 4371 550 4428; x_wconf 89' lang='lat' dir='ltr'>Cod.</span> <span class='ocrx_word' id='word_1_277' title='bbox 590 4372 654 4427; x_wconf 94' lang='lat' dir='ltr'>V.</span> <span class='ocrx_word' id='word_1_278' title='bbox 694 4372 785 4427; x_wconf 86' lang='grc'><strong>101.</strong></span> <span class='ocrx_word' id='word_1_279' title='bbox 824 4374 893 4428; x_wconf 91' lang='lat'>98</span> <span class='ocrx_word' id='word_1_280' title='bbox 932 4372 1072 4442; x_wconf 88' lang='lat' dir='ltr'>(sine</span> <span class='ocrx_word' id='word_1_281' title='bbox 1109 4373 1331 4442; x_wconf 90' lang='lat' dir='ltr'>verbis).</span> 
     </span>
    </p>
   </div>
   <div class='ocr_carea' id='block_1_13' title="bbox 320 4479 2352 4639">
    <p class='ocr_par' dir='ltr' id='par_1_13' title="bbox 320 4479 2352 4639">
     <span class='ocr_line' id='line_1_39' title="bbox 320 4479 2281 4550; baseline 0.002 -17"><span class='ocrx_word' id='word_1_282' title='bbox 320 4480 368 4548; x_wconf 80' lang='lat'>⁴)</span> <span class='ocrx_word' id='word_1_283' title='bbox 409 4479 539 4550; x_wconf 84' lang='lat' dir='ltr'>Reg.</span> <span class='ocrx_word' id='word_1_284' title='bbox 578 4479 752 4535; x_wconf 85' lang='lat' dir='ltr'>Aven.</span> <span class='ocrx_word' id='word_1_285' title='bbox 792 4480 1087 4535; x_wconf 88' lang='lat' dir='ltr'>Innocentii</span> <span class='ocrx_word' id='word_1_286' title='bbox 1125 4479 1211 4534; x_wconf 94' lang='lat' dir='ltr'>VI.</span> <span class='ocrx_word' id='word_1_287' title='bbox 1251 4481 1287 4534; x_wconf 94' lang='lat' dir='ltr'>t.</span> <span class='ocrx_word' id='word_1_288' title='bbox 1333 4481 1354 4534; x_wconf 97' lang='lat' dir='ltr'>l</span> <span class='ocrx_word' id='word_1_289' title='bbox 1398 4479 1488 4534; x_wconf 94' lang='grc'><strong>101.</strong></span> <span class='ocrx_word' id='word_1_290' title='bbox 1529 4479 1623 4543; x_wconf 87' lang='grc'>80;</span> <span class='ocrx_word' id='word_1_291' title='bbox 1664 4482 1699 4535; x_wconf 92' lang='grc'>1.</span> <span class='ocrx_word' id='word_1_292' title='bbox 1745 4481 1808 4534; x_wconf 88' lang='grc'>12</span> <span class='ocrx_word' id='word_1_293' title='bbox 1846 4479 1937 4534; x_wconf 88' lang='grc'><strong>101.</strong></span> <span class='ocrx_word' id='word_1_294' title='bbox 1977 4479 2144 4535; x_wconf 89' lang='lat' dir='ltr'>281t⁰</span> <span class='ocrx_word' id='word_1_295' title='bbox 2180 4482 2281 4536; x_wconf 90' lang='grc'><strong>010.</strong></span> 
     </span>
     <span class='ocr_line' id='line_1_40' title="bbox 412 4568 2352 4639; baseline 0 -15"><span class='ocrx_word' id='word_1_296' title='bbox 412 4568 659 4638; x_wconf 91' lang='lat' dir='ltr'>Speciale</span> <span class='ocrx_word' id='word_1_297' title='bbox 696 4585 827 4625; x_wconf 90' lang='lat' dir='ltr'>vero</span> <span class='ocrx_word' id='word_1_298' title='bbox 866 4570 1142 4624; x_wconf 87' lang='lat' dir='ltr'>decretum</span> <span class='ocrx_word' id='word_1_299' title='bbox 1183 4585 1355 4639; x_wconf 87' lang='lat' dir='ltr'>usque</span> <span class='ocrx_word' id='word_1_300' title='bbox 1393 4569 1573 4623; x_wconf 89' lang='lat' dir='ltr'>adhuc</span> <span class='ocrx_word' id='word_1_301' title='bbox 1609 4584 1877 4638; x_wconf 87' lang='lat' dir='ltr'>nusquam</span> <span class='ocrx_word' id='word_1_302' title='bbox 1920 4572 2148 4639; x_wconf 89' lang='lat' dir='ltr'>reperire</span> <span class='ocrx_word' id='word_1_303' title='bbox 2184 4573 2352 4639; x_wconf 90' lang='lat' dir='ltr'>potui.</span> 
     </span>
    </p>
   </div>
   <div class='ocr_carea' id='block_1_14' title="bbox 321 4673 1449 4822">
    <p class='ocr_par' dir='ltr' id='par_1_14' title="bbox 321 4673 1449 4822">
     <span class='ocr_line' id='line_1_41' title="bbox 321 4673 1449 4749; baseline -0.005 -14"><span class='ocrx_word' id='word_1_304' title='bbox 321 4677 367 4748; x_wconf 80' lang='lat'>⁶)</span> <span class='ocrx_word' id='word_1_305' title='bbox 407 4677 538 4749; x_wconf 82' lang='lat' dir='ltr'>Reg.</span> <span class='ocrx_word' id='word_1_306' title='bbox 577 4676 750 4732; x_wconf 85' lang='lat' dir='ltr'>Aven.</span> <span class='ocrx_word' id='word_1_307' title='bbox 791 4678 823 4732; x_wconf 97' lang='grc'>1.</span> <span class='ocrx_word' id='word_1_308' title='bbox 864 4693 907 4732; x_wconf 91' lang='lat' dir='ltr'>c.</span> <span class='ocrx_word' id='word_1_309' title='bbox 948 4679 985 4732; x_wconf 95' lang='lat' dir='ltr'>t.</span> <span class='ocrx_word' id='word_1_310' title='bbox 1026 4676 1094 4731; x_wconf 88' lang='grc'>23</span> <span class='ocrx_word' id='word_1_311' title='bbox 1132 4676 1223 4731; x_wconf 86' lang='grc'><strong>101.</strong></span> <span class='ocrx_word' id='word_1_312' title='bbox 1261 4675 1361 4731; x_wconf 86' lang='grc'>391</span> <span class='ocrx_word' id='word_1_313' title='bbox 1379 4673 1449 4728; x_wconf 85' lang='lat' dir='ltr'>t0.</span> 
     </span>
     <span class='ocr_line' id='line_1_42' title="bbox 411 4765 844 4822; baseline -0.002 0"><span class='ocrx_word' id='word_1_314' title='bbox 411 4767 468 4822; x_wconf 92' lang='lat' dir='ltr'>P.</span> <span class='ocrx_word' id='word_1_315' title='bbox 508 4765 613 4821; x_wconf 87' lang='lat' dir='ltr'>VII.</span> <span class='ocrx_word' id='word_1_316' title='bbox 653 4765 723 4821; x_wconf 92' lang='lat' dir='ltr'>n⁰</span> <span class='ocrx_word' id='word_1_317' title='bbox 759 4768 844 4821; x_wconf 83' lang='lat'>47.</span> 
     </span>
    </p>
   </div>
   <div class='ocr_carea' id='block_1_15' title="bbox 324 4870 3177 4943">
    <p class='ocr_par' dir='ltr' id='par_1_15' title="bbox 324 4870 3177 4943">
     <span class='ocr_line' id='line_1_43' title="bbox 324 4870 3177 4943; baseline 0.001 -15"><span class='ocrx_word' id='word_1_318' title='bbox 324 4875 367 4942; x_wconf 66' lang='grc' dir='ltr'>ὅ)</span> <span class='ocrx_word' id='word_1_319' title='bbox 409 4874 609 4934; x_wconf 84' lang='lat' dir='ltr'>Reiecit</span> <span class='ocrx_word' id='word_1_320' title='bbox 645 4889 775 4928; x_wconf 91' lang='lat' dir='ltr'>vero</span> <span class='ocrx_word' id='word_1_321' title='bbox 814 4873 1067 4929; x_wconf 80' lang='lat' dir='ltr'>Pontifex</span> <span class='ocrx_word' id='word_1_322' title='bbox 1093 4875 1406 4943; x_wconf 88' lang='lat' dir='ltr'>petitionem</span> <span class='ocrx_word' id='word_1_323' title='bbox 1432 4870 1699 4925; x_wconf 88' lang='lat' dir='ltr'>Johannis</span> <span class='ocrx_word' id='word_1_324' title='bbox 1738 4871 1902 4942; x_wconf 82' lang='lat' dir='ltr'>Regis</span> <span class='ocrx_word' id='word_1_325' title='bbox 1927 4870 2177 4926; x_wconf 87' lang='lat' dir='ltr'>Franciae</span> <span class='ocrx_word' id='word_1_326' title='bbox 2204 4886 2369 4941; x_wconf 89' lang='lat' dir='ltr'>super</span> <span class='ocrx_word' id='word_1_327' title='bbox 2405 4874 2747 4929; x_wconf 88' lang='lat' dir='ltr'>conferendis</span> <span class='ocrx_word' id='word_1_328' title='bbox 2772 4877 3177 4932; x_wconf 88' lang='lat' dir='ltr'>canonicatibus</span> 
     </span>
    </p>
   </div>
   <div class='ocr_carea' id='block_1_16' title="bbox 199 4962 3178 5124">
    <p class='ocr_par' dir='ltr' id='par_1_16' title="bbox 199 4962 3178 5124">
     <span class='ocr_line' id='line_1_44' title="bbox 199 4962 3178 5035; baseline 0.001 -17"><span class='ocrx_word' id='word_1_329' title='bbox 199 4966 306 5018; x_wconf 90' lang='lat' dir='ltr'>tam</span> <span class='ocrx_word' id='word_1_330' title='bbox 346 4963 735 5018; x_wconf 83' lang='lat' dir='ltr'>cathedralium</span> <span class='ocrx_word' id='word_1_331' title='bbox 775 4980 936 5034; x_wconf 88' lang='lat' dir='ltr'>quam</span> <span class='ocrx_word' id='word_1_332' title='bbox 978 4964 1198 5018; x_wconf 92' lang='lat' dir='ltr'>aliarum</span> <span class='ocrx_word' id='word_1_333' title='bbox 1239 4963 1585 5017; x_wconf 83' lang='lat' dir='ltr'>ecclesiarum</span> <span class='ocrx_word' id='word_1_334' title='bbox 1634 4976 1753 5016; x_wconf 92' lang='lat' dir='ltr'>cum</span> <span class='ocrx_word' id='word_1_335' title='bbox 1795 4963 2158 5015; x_wconf 89' lang='lat' dir='ltr'>reservatione</span> <span class='ocrx_word' id='word_1_336' title='bbox 2197 4962 2624 5030; x_wconf 88' lang='lat' dir='ltr'>praebendarum</span> <span class='ocrx_word' id='word_1_337' title='bbox 2663 4967 2910 5033; x_wconf 85' lang='lat' dir='ltr'>personis</span> <span class='ocrx_word' id='word_1_338' title='bbox 2948 4965 3015 5019; x_wconf 86' lang='lat' dir='ltr'>ab</span> <span class='ocrx_word' id='word_1_339' title='bbox 3054 4967 3178 5035; x_wconf 89' lang='lat' dir='ltr'>ipso</span> 
     </span>
     <span class='ocr_line' id='line_1_45' title="bbox 202 5049 2928 5124; baseline 0 -15"><span class='ocrx_word' id='word_1_340' title='bbox 202 5052 347 5124; x_wconf 83' lang='lat' dir='ltr'>Rege</span> <span class='ocrx_word' id='word_1_341' title='bbox 386 5053 828 5107; x_wconf 87' lang='lat' dir='ltr'>nominandis.</span> <span class='ocrx_word' id='word_1_342' title='bbox 868 5084 937 5091; x_wconf 90' lang='lat'>—</span> <span class='ocrx_word' id='word_1_343' title='bbox 983 5052 1116 5107; x_wconf 88' lang='lat'>1353</span> <span class='ocrx_word' id='word_1_344' title='bbox 1153 5051 1305 5106; x_wconf 86' lang='lat' dir='ltr'>Febr.</span> <span class='ocrx_word' id='word_1_345' title='bbox 1346 5051 1377 5104; x_wconf 90' lang='lat'>7</span> <span class='ocrx_word' id='word_1_346' title='bbox 1416 5081 1486 5088; x_wconf 94' lang='lat'>—</span> <span class='ocrx_word' id='word_1_347' title='bbox 1525 5050 1675 5121; x_wconf 82' lang='lat' dir='ltr'>(Reg.</span> <span class='ocrx_word' id='word_1_348' title='bbox 1713 5049 1832 5104; x_wconf 90' lang='lat' dir='ltr'>Vat.</span> <span class='ocrx_word' id='word_1_349' title='bbox 1873 5050 1909 5103; x_wconf 92' lang='lat' dir='ltr'>t.</span> <span class='ocrx_word' id='word_1_350' title='bbox 1950 5049 2053 5104; x_wconf 90' lang='grc'><strong>235</strong></span> <span class='ocrx_word' id='word_1_351' title='bbox 2092 5049 2183 5104; x_wconf 86' lang='grc'><strong>101.</strong></span> <span class='ocrx_word' id='word_1_352' title='bbox 2224 5050 2318 5114; x_wconf 89' lang='grc'><strong>23;</strong></span> <span class='ocrx_word' id='word_1_353' title='bbox 2356 5081 2425 5090; x_wconf 92' lang='grc'>--</span> <span class='ocrx_word' id='word_1_354' title='bbox 2465 5051 2521 5106; x_wconf 89' lang='grc' dir='ltr'>Ρ.</span> <span class='ocrx_word' id='word_1_355' title='bbox 2564 5052 2670 5107; x_wconf 90' lang='lat' dir='ltr'>VII.</span> <span class='ocrx_word' id='word_1_356' title='bbox 2710 5052 2783 5107; x_wconf 89' lang='lat' dir='ltr'>n⁰</span> <span class='ocrx_word' id='word_1_357' title='bbox 2819 5055 2928 5121; x_wconf 89' lang='lat'>48).</span> 
     </span>
    </p>
   </div>
   <div class='ocr_carea' id='block_1_17' title="bbox 323 5156 1348 5394">
    <p class='ocr_par' dir='ltr' id='par_1_17' title="bbox 323 5156 1348 5394">
     <span class='ocr_line' id='line_1_46' title="bbox 323 5156 1348 5230; baseline -0.001 -17"><span class='ocrx_word' id='word_1_358' title='bbox 323 5160 368 5227; x_wconf 83' lang='lat'>⁷)</span> <span class='ocrx_word' id='word_1_359' title='bbox 407 5159 539 5230; x_wconf 84' lang='lat' dir='ltr'>Reg.</span> <span class='ocrx_word' id='word_1_360' title='bbox 580 5158 699 5214; x_wconf 91' lang='lat' dir='ltr'>Vat.</span> <span class='ocrx_word' id='word_1_361' title='bbox 738 5163 773 5214; x_wconf 91' lang='lat' dir='ltr'>t.</span> <span class='ocrx_word' id='word_1_362' title='bbox 814 5158 910 5214; x_wconf 88' lang='grc'>221</span> <span class='ocrx_word' id='word_1_363' title='bbox 955 5159 1047 5213; x_wconf 89' lang='grc'><strong>101.</strong></span> <span class='ocrx_word' id='word_1_364' title='bbox 1085 5158 1120 5213; x_wconf 90' lang='grc'>3</span> <span class='ocrx_word' id='word_1_365' title='bbox 1159 5156 1229 5212; x_wconf 90' lang='lat' dir='ltr'>n⁰</span> <span class='ocrx_word' id='word_1_366' title='bbox 1263 5157 1348 5213; x_wconf 82' lang='lat'>32.</span> 
     </span>
     <span class='ocr_line' id='line_1_47' title="bbox 412 5247 1118 5303; baseline -0.001 0"><span class='ocrx_word' id='word_1_367' title='bbox 412 5247 551 5303; x_wconf 88' lang='lat' dir='ltr'>Cod.</span> <span class='ocrx_word' id='word_1_368' title='bbox 591 5247 650 5302; x_wconf 87' lang='lat' dir='ltr'>B.</span> <span class='ocrx_word' id='word_1_369' title='bbox 690 5248 779 5302; x_wconf 89' lang='grc'><strong>101.</strong></span> <span class='ocrx_word' id='word_1_370' title='bbox 823 5247 1118 5303; x_wconf 82' lang='grc'><strong>145-147.</strong></span> 
     </span>
     <span class='ocr_line' id='line_1_48' title="bbox 411 5336 846 5394; baseline 0.002 -1"><span class='ocrx_word' id='word_1_371' title='bbox 411 5338 468 5393; x_wconf 92' lang='lat' dir='ltr'>P.</span> <span class='ocrx_word' id='word_1_372' title='bbox 509 5336 616 5392; x_wconf 87' lang='lat' dir='ltr'>Vll.</span> <span class='ocrx_word' id='word_1_373' title='bbox 655 5336 726 5391; x_wconf 90' lang='lat' dir='ltr'>n⁰</span> <span class='ocrx_word' id='word_1_374' title='bbox 760 5338 846 5394; x_wconf 84' lang='lat'>49.</span> 
     </span>
    </p>
   </div>
  </div>
 </body>
</html>
