3688 5825
1935 296 2020 356 28

696 499 824 566 Die
865 499 963 565 13.
1001 499 1180 586 Sept.
1223 500 1459 586 13191)
1508 502 1839 587 praefatus
1870 503 2219 570 Johannes
2251 501 2436 567 XXII.
2488 503 2564 568 in
2614 504 2843 570 ter-ris
2891 505 2982 571 ad
3034 505 3465 578 Romanam

479 606 921 673 Ecclesiam
997 608 1558 693 spectantibus
1629 609 1706 674 in
1777 611 2067 695 quovis
2139 609 2584 677 vacationis
2654 629 2838 677 casu
2911 612 3063 678 sibi
3138 616 3211 678 et
3280 612 3465 680 Sedi

476 711 997 798 Apostolicae
1034 732 1286 801 usque
1321 715 1412 781 ad
1448 733 1665 782 suam
1703 719 1779 782 et
1813 717 2076 803 ipsius
2111 716 2346 783 Sedis
2381 717 2969 803 beneplacitum
3006 720 3465 804 provisionem

476 822 778 886 omnium
830 823 894 887 et
940 822 1354 906 singularum
1406 822 2252 909 archiepiscopalium,
2316 824 2904 909 episcopalium
2969 826 3464 913 aliarumque

477 927 1094 1012 collegiatarum
1165 929 1686 995 ecclesiarum
1762 950 1886 997 nec
1956 950 2092 998 non
2165 931 2690 1009 abbatiarum,
2764 933 3462 1014 monasteriorum,

478 1034 969 1118 prioratuum
1065 1035 1573 1121 aliorumque
1666 1037 2026 1104 locorum
2123 1038 2856 1105 ecclesiasticorum
2943 1040 3320 1107 vacantium
3375 1045 3464 1115 set

474 1145 956 1222 vacaturorum,
1005 1143 1091 1211 ad
1165 1163 1336 1229 quae
1386 1146 1537 1230 quis
1606 1145 1957 1211 consuevit
2005 1164 2139 1230 per
2185 1145 2661 1212 electionem
2734 1147 3010 1225 assumi,
3082 1151 3460 1216 reservavit.

476 1248 564 1314 Ita
617 1251 895 1334 quaevis
946 1251 1202 1330 electio,
1253 1252 1647 1330 nominati0,
1697 1251 2061 1337 postulatio
2110 1270 2229 1317 seu
2281 1252 2557 1336 quaevis
2607 1252 2733 1317 alia
2768 1253 3065 1337 provisio
3099 1253 3183 1322 de
3218 1254 3459 1323 iisdem

475 1356 819 1423 beneficiis
869 1358 1066 1424 etiam
1135 1359 1201 1423 in
1251 1377 1431 1436 casu,
1505 1377 1642 1443 quo
1692 1359 1844 1444 quis
1895 1358 2138 1424 dictam
2189 1358 2701 1424 reservationem
2753 1359 3104 1444 ignoraret,
3176 1363 3459 1430 omnino

475 1462 650 1529 irrita
699 1464 1171 1532 declarabatur.
1268 1465 1486 1532 Huius
1549 1466 2015 1532 reservationis
2084 1466 2486 1550 generalis
2555 1484 2754 1533 causa
2827 1468 3233 1547 enunciatur,
3304 1487 3461 1536 cura

473 1569 640 1637 circa
734 1574 977 1638 statum
1071 1573 1421 1659 pacificum
1518 1575 1581 1638 et
1672 1573 2099 1658 tranquillum
2194 1575 2506 1639 terrarum
2604 1573 2672 1639 in
2764 1572 3044 1640 domino
3115 1574 3458 1648 Romanae

474 1676 810 1744 Ecclesiae
858 1679 1449 1766 consistentium.2)

686 1784 1052 1872 Postquam
1101 1805 1260 1853 vero
1309 1786 1418 1853 die
1466 1787 1527 1852 9.
1578 1784 1761 1872 Sept.
1818 1786 2059 1873 13213)
2110 1787 2455 1854 ecclesiam
2530 1786 2895 1871 Iporien.
2972 1787 3037 1853 in
3110 1788 3452 1874 provincia

470 1890 927 1959 Mediolanen.
978 1895 1173 1960 sitam
1220 1897 1568 1961 vacantem
1618 1893 1721 1960 vel
1771 1896 2144 1960 vacaturam
2206 1894 2269 1959 vi
2321 1894 2669 1979 potestatis
2737 1912 2855 1970 „ex
2903 1894 3075 1961 alto“
3146 1898 3455 1981 acceptae

472 2015 633 2064 suae
697 2003 761 2065 et
823 2000 1254 2086 dispositioni
1308 2000 1501 2067 Sedis
1548 1999 1978 2086 Apostolicae
2026 2004 2469 2067 reservaverat
2538 2000 2605 2065 in
2678 2000 3045 2067 remedium
3096 2003 3450 2069 multarum

470 2105 991 2189 oppressionum
1072 2110 1136 2174 et
1204 2107 1536 2174 variorum
1610 2107 2214 2185 incommodorum,
2287 2125 2460 2191 quae
2530 2106 2703 2172 dicta
2787 2108 3065 2175 ecclesia
3142 2112 3453 2195 „propter

470 2211 916 2297 malignorum
970 2215 1310 2281 incursus“
1366 2214 1759 2300 patiebatur,
1808 2213 1918 2279 die
1966 2213 2071 2279 30.
2119 2213 2276 2280 Julii
2333 2213 2498 2279 1322
2549 2231 2666 2298 per
2710 2215 3256 2281 constitutionem
3313 2217 3450 2293 „in

469 2316 987 2403 Apostolicae
1037 2321 1625 2389 sollicitudinis
1674 2319 2121 2406 specula“4)
2171 2319 2326 2386 sibi
2361 2323 2434 2386 et
2469 2319 2650 2386 Sedi
2684 2319 3201 2406 Apostolicae
3232 2340 3450 2409 usque

469 2420 555 2490 ad
627 2426 930 2493 eiusdem
983 2428 1177 2495 Sedis
1248 2428 1739 2513 beneplacitum
1813 2426 1898 2493 de
1968 2426 2398 2513 Apostolicae
2471 2428 2818 2512 potestatis
2891 2427 3307 2513 plenitudine
3381 2430 3448 2495 in

469 2532 906 2618 patriarchatu
956 2534 1462 2621 Aquilegien.
1537 2553 1659 2602 nec
1707 2552 1844 2600 non
1906 2533 2440 2601 Mediolanen.
2515 2534 3046 2607 Ravennaten.
3116 2535 3445 2604 Januen.

469 2642 534 2705 et
624 2638 882 2708 Pisan.
977 2643 1338 2728 provinciis
1441 2642 1866 2727 provisiones
1969 2641 2315 2708 omnium
2420 2641 3095 2727 patriarchalium,
3189 2642 3446 2709 archi-

468 2747 1090 2834 episcopalium,
1158 2750 1740 2835 episcopalium
1815 2767 2126 2816 necnon
2199 2747 2538 2815 aliarum
2612 2749 3149 2834 quarumlibet
3205 2750 3445 2817 eccle-

468 2852 759 2921 siarum
831 2857 1435 2943 collegiatarum
1508 2855 2033 2924 saecularium
2107 2857 2181 2922 et
2251 2855 2731 2941 regularium
2796 2858 2869 2922 et
2916 2856 3444 2938 abbatiarum,

467 2965 1162 3043 monasteriorum,
1256 2965 1740 3050 prioratuum
1822 2967 1896 3030 et
1973 2964 2305 3030 aliorum
2388 2981 3040 3049 quorumcunque
3134 2964 3442 3049 piorum

467 3066 821 3137 locorum
875 3076 1414 3157 exemptorum
1465 3073 1538 3137 et
1598 3089 1755 3137 non
1820 3074 2389 3155 exemptorum,
2461 3068 2545 3135 ad
2596 3089 2763 3156 quas
2811 3071 2918 3136 vel
2968 3070 3050 3136 ad
3101 3089 3275 3157 quos
3325 3089 3443 3138 seu

468 3191 640 3257 quae
688 3179 961 3264 praelati
1010 3181 1499 3245 consueverunt
1532 3197 1650 3244 seu
1687 3178 2023 3244 debebant
2058 3195 2173 3263 per
2219 3176 2692 3244 electionem
2744 3177 3017 3256 assumi,
3067 3178 3443 3244 vacantium

464 3285 570 3350 vel
616 3289 1075 3352 vacaturorum
1128 3286 1510 3371 ubicunque
1555 3285 2043 3370 generaliter
2089 3284 2462 3350 reservavit.

676 3392 754 3458 Et
802 3393 1035 3460 eadem
1084 3393 1217 3459 iere
1279 3392 1599 3477 allegatur
1644 3392 1807 3458 ratio
1858 3389 2243 3457 huiusmodi
2295 3390 2760 3457 reservationis
2808 3409 2928 3457 sc.:
2985 3391 3323 3467 „retroacti
3380 3394 3443 3458 et

466 3499 815 3586 hucusque
863 3500 1247 3566 continuata
1296 3499 1544 3565 malitia
1591 3498 1950 3583 temporis“
2007 3516 2140 3583 qua
2189 3497 2612 3583 provisiones
2660 3497 2977 3564 dictarum
3014 3498 3439 3564 ecclesiarum

461 3606 658 3673 variis
708 3607 1178 3674 subiacuerunt
1226 3606 1742 3672 discriminibus.
1839 3604 2024 3671 Haec
2070 3605 2455 3670 constitutio
2503 3604 2756 3670 tamdiu
2805 3603 3111 3671 duratura
3161 3607 3340 3670 esset
3373 3605 3440 3672 in

463 3714 666 3799 pleno
736 3714 967 3800 vigore
1043 3713 1297 3790 „donec
1363 3713 1625 3779 favente
1696 3712 1976 3778 domino
2047 3710 2307 3778 sublata
2378 3712 2666 3796 procella
2734 3711 3056 3796 temporis
3128 3711 3437 3797 impacati

463 3821 718 3888 eisdem
768 3821 1066 3889 ecclesiis
1115 3823 1181 3886 et
1228 3820 1536 3906 personis
1585 3838 1810 3886 earum
1871 3820 2068 3905 plena
2117 3818 2184 3883 in
2232 3818 2551 3903 eligendo
2600 3819 2917 3885 securitas
2966 3818 3432 3884 ministretur.“

587 3999 629 4066 ¹)
671 3997 755 4053 Cf.
794 3997 982 4053 Const.
1030 3997 1376 4061 ,Imminente
1414 3995 1636 4051 Nobis·

677 4086 941 4157 Magnum
981 4085 1120 4140 Bull.
1159 4083 1310 4144 Rom.
1350 4084 1384 4138 l.
1423 4099 1467 4138 c.
1508 4099 1559 4153 p.
1599 4083 1719 4138 287.

682 4175 818 4231 Cod.
858 4176 918 4231 B.
956 4175 1048 4230 fol.
1089 4172 1240 4229 721⁰.

801 4307 813 4319 .
906 4307 917 4320 .
1014 4265 1048 4319 l.
1170 4261 1241 4317 t0.

583 4354 629 4424 ἵ)
668 4265 796 4409 Ιῗεῖἒ
840 4263 1159 4408 ἔροῐοεεῒῗξ
1207 4353 1308 4407 erit
1346 4353 1608 4405 excitasse
1657 4353 1969 4406 memoriam
2026 4351 2357 4406 acerbissimi
2415 4353 2718 4406 certaminis
2775 4354 2909 4406 inter
2945 4352 3249 4406 Johannem
3290 4350 3443 4406 XXII.

457 4444 510 4498 et
566 4443 901 4498 Ludovicum
958 4442 1216 4498 Bavariae
1273 4441 1469 4495 ducem
1528 4442 1644 4504 orti,
1703 4442 1793 4509 qui
1853 4442 2165 4510 praesertim
2222 4442 2388 4496 terras
2444 4440 2688 4501 Romano
2745 4440 2989 4496 Pontifici
3041 4441 3315 4495 subiectas
3372 4441 3442 4495 ad

455 4535 695 4602 apertam
733 4533 1113 4588 sollicitaverat
1150 4531 1521 4586 rebellionem.

579 4619 628 4691 ⁸)
668 4621 749 4677 Ct.
791 4621 919 4693 Reg.
960 4622 1079 4677 Vat.
1121 4623 1157 4676 t.
1202 4622 1293 4674 111
1338 4619 1432 4673 tol.
1472 4617 1608 4674 94t0
1644 4619 1953 4687 (,Militanti
1993 4619 2327 4686 ecclesiae·).

670 4711 726 4765 P.
765 4711 869 4767 V11.
910 4710 979 4766 n⁰
1013 4712 1063 4767 5.

580 4800 631 4868 ⁴)
670 4800 800 4871 Reg.
844 4801 961 4856 Vat.
1001 4803 1037 4855 t.
1081 4800 1182 4855 128
1219 4798 1292 4854 n⁰
1327 4799 1396 4853 74
1433 4800 1488 4853 et
1525 4796 1598 4853 n⁰
1633 4796 1718 4853 95.

668 4887 808 4943 Cod.
848 4888 908 4943 B.
947 4887 1039 4943 iol.
1078 4889 1164 4944 68.

669 4977 808 5033 Cod.
849 4978 913 5033 V.
951 4978 1041 5033 fol.
1080 4977 1150 5033 69
1188 4979 1332 5044 (sine
1368 4977 1497 5047 die).

670 5067 810 5122 Vide
868 5067 923 5121 P.
965 5067 1070 5122 V11.
1129 5065 1198 5121 n⁰
1232 5067 1268 5122 6
1306 5098 1374 5106 -
1431 5066 1522 5121 ubi
1579 5066 1754 5120 dictae
1812 5066 2039 5120 Litterae
2093 5068 2324 5134 primum
2382 5067 2621 5134 integrae
2677 5063 3016 5132 publicantur
3065 5078 3096 5116 e
3133 5061 3339 5117 Codice
3377 5062 3434 5117 B.

455 5170 576 5209 curn
616 5155 1059 5210 adnotationibus
1096 5170 1126 5209 e
1165 5155 1302 5210 Cod.
1345 5155 1409 5210 V.
1450 5157 1503 5210 et
1542 5154 1672 5225 Reg.
1712 5154 1831 5209 Vat.
1867 5210 1875 5220 ,

668 5244 978 5315 Raynaldus
1015 5273 1086 5282 —
1121 5244 1363 5299 Annales
1400 5245 1468 5298 ad
1507 5259 1553 5299 a.
1599 5243 1733 5299 1322
1772 5259 1823 5298 n.
1864 5245 1898 5298 4
1935 5274 2004 5281 —
2041 5247 2246 5313 partem
2295 5244 2500 5297 tantum
2549 5242 2725 5296 dictae
2777 5242 3159 5295 reservationis
3196 5240 3370 5295 edidit
3406 5256 3436 5295 a

454 5333 636 5389 verbis
680 5336 764 5399 ,in
801 5334 1186 5403 patriarchatu·
1230 5348 1405 5404 usque
1445 5337 1872 5400 „reservamus·.
