3688 5825
1677 302 1753 361 17

219 506 619 593 providendi
692 508 833 574 suis
902 508 1155 575 clericis
1225 509 1308 575 de
1378 509 1882 576 canonicatibus
1953 509 2019 575 in
2092 510 2389 576 ecclesiis
2447 529 2607 577 suae
2657 511 3016 596 legationis
3062 515 3197 578 tam

217 614 710 681 cathedralibus
760 634 959 700 quam
1010 616 1158 682 aliis
1205 616 1596 683 vacantibus
1645 616 1727 682 ad
1778 635 2098 703 praesens
2130 618 2233 682 vel
2290 636 2563 702 „quam
2616 618 2946 703 primum
2998 618 3088 684 ad
3124 619 3198 684 id

218 721 608 787 obtulerit
678 740 757 787 se
828 722 1212 790 facultas“
1290 722 1644 789 accedente
1715 727 1937 790 tamen
2010 743 2290 791 assensu
2355 744 2608 803 eorum,
2680 725 2761 791 ad
2814 744 2988 810 quos
3035 726 3201 793 alias

219 828 753 912 praebendarum
803 830 1069 897 collatio
1127 831 1496 916 pertineret.

434 969 689 1038 Similis
737 971 1122 1044 Reservatio
1185 974 1517 1058 generalis
1581 992 1700 1059 pro
1749 974 2089 1040 territoriis
2138 974 2324 1060 regni
2373 973 2772 1060 Siciliae1)
2823 975 2907 1041 ab
2958 973 3200 1041 eodem

220 1075 530 1148 Romano
608 1078 935 1145 pontifice
1012 1079 1180 1146 facta
1258 1083 1392 1158 est,
1479 1098 1628 1147 cum
1711 1080 2062 1154 Radulfum
2144 1081 2227 1147 de
2307 1080 2698 1148 Chevrieres
2779 1080 3200 1148 Cardinalem

219 1182 636 1270 Episcopum
671 1184 1124 1253 Alban‘ensem
1172 1189 1512 1272 tamquam
1564 1187 1831 1253 alteram
1869 1189 2089 1254 lateris
2124 1188 2226 1254 sui
2262 1192 2536 1273 partem,
2573 1189 2811 1273 plenae
2847 1188 3203 1274 legationis

218 1291 446 1357 officio
498 1292 891 1378 praeditum,
964 1294 1030 1360 in
1103 1293 1349 1360 dictum
1424 1312 1702 1379 regnum
1754 1295 2086 1373 „attritum
2138 1296 2720 1381 oppressionibuS,
2793 1296 3202 1361 exinanitum

218 1399 491 1483 opibuS,
563 1401 976 1467 attenuatum
1050 1401 1308 1479 incolis,
1380 1401 1744 1467 eorundem
1796 1403 2218 1487 regnantium
2270 1402 2750 1468 inhumanitate
2800 1403 3085 1469 lacerum
3138 1407 3202 1469 et

219 1504 497 1571 immani
548 1507 821 1583 saevitia
870 1508 1319 1573 inhumaniter
1366 1508 1832 1591 laceratum“²)
1883 1510 2186 1575 mitteret.
2283 1509 2495 1575 Etiam
2532 1510 2597 1574 in
2633 1510 2736 1575 his
2770 1510 2956 1576 terris
2992 1509 3204 1576 Sedes

217 1608 610 1696 Apostolica
685 1614 1059 1680 inhibuerat
1132 1632 1255 1692 „ne
1324 1615 1612 1700 capitula
1683 1619 1747 1681 et
1820 1620 2193 1682 conventus
2265 1616 2739 1682 cathedralium
2815 1619 2879 1682 et
2927 1617 3202 1683 aliarum

215 1721 764 1787 conventualium
844 1722 1266 1788 ecclesiarum
1347 1722 1414 1787 in
1495 1739 1705 1807 regno
1777 1720 2044 1789 Siciliae
2116 1723 2515 1802 vacantium,
2595 1741 2713 1808 per
2782 1724 3202 1803 electionem,

218 1827 747 1910 postulationem
812 1831 925 1894 aut
971 1829 1500 1895 nominationem
1552 1830 1680 1895 sibi
1730 1829 1813 1895 de
1864 1830 2173 1915 praelatis
2223 1833 2721 1915 praesumerent
2769 1831 3204 1916 providere-⁹²)

434 1970 694 2037 Eodem
767 1970 973 2037 modo
1047 1971 1174 2037 iam
1236 1973 1497 2058 antea4)
1547 1972 1910 2057 patriarcha
1958 1971 2483 2058 Aquilegiensis,
2557 1973 2785 2059 Legati
2832 1972 3202 2059 Apostolici

219 2098 496 2145 munere
570 2079 635 2145 in
709 2079 1004 2165 partibus
1072 2079 1513 2146 Lombardiae
1583 2073 1895 2165 fungens,
1967 2080 2349 2146 auctoritate
2421 2079 2807 2165 Apostolica
2878 2080 3205 2146 universis

214 2186 549 2272 capitulis,
643 2186 946 2271 collegiis
1040 2204 1302 2253 necnon
1419 2188 1867 2254 conventibus
1983 2187 2409 2254 ecclesiarum
2502 2191 2636 2253 tam
2730 2187 3200 2254 cathedralium

217 2312 422 2378 quam
520 2294 795 2360 aliarum
876 2297 939 2359 et
1017 2295 1596 2374 monasteriorum,
1677 2312 1851 2379 quae
1931 2293 2280 2360 Frederico
2370 2294 2669 2362 secundo
2748 2294 3202 2368 Romanorum

217 2401 606 2486 Imperatori
663 2401 981 2486 „eiusque
1030 2400 1187 2467 filiis
1237 2404 1300 2466 et
1346 2401 1754 2467 fautoribus⁴¹
1812 2401 2266 2468 adhaerebant
2327 2402 2680 2481 interdixit,
2753 2420 2837 2467 ne
2909 2402 2975 2466 in
3046 2419 3203 2467 casu

216 2506 588 2574 vacationis
659 2507 1142 2593 praedictorum
1215 2508 1639 2575 ecclesiarum
1714 2511 1779 2574 et
1837 2508 2390 2574 monasteriorum
2443 2509 2572 2574 illis
2623 2526 2740 2593 per
2786 2509 3203 2587 electionem,

215 2615 744 2700 postulationem
794 2615 898 2681 vel
948 2615 1483 2681 nominationem
1535 2633 2091 2701 quorumcunque
2142 2615 2579 2700 praelatorum
2631 2616 3055 2701 providerent
3101 2615 3205 2681 vel

212 2721 299 2789 ad
382 2722 837 2808 receptionem
913 2723 1389 2789 canonicorum
1466 2722 1874 2801 clericorum,
1960 2723 2442 2788 monachorum
2524 2725 2634 2788 aut
2728 2740 3203 2789 conversorum

215 2829 676 2916 procederent.
796 2828 970 2895 Cum
1042 2832 1261 2895 autem
1338 2829 1594 2915 aliquot
1664 2828 1974 2915 capitula,
2045 2829 2330 2915 collegia
2393 2846 2655 2896 necnon
2706 2830 3077 2894 conventus
3126 2846 3206 2894 ex

222 2937 540 3023 praefatis
588 2939 816 3004 contra
865 2937 1034 3004 hanc
1083 2936 1622 3010 Reservationem
1656 2935 2118 3022 Apostolicam
2167 2939 2413 3002 temere
2462 2954 2659 3021 agere
2709 2936 2853 3002 ausi
2901 2936 3204 3014 fuissent,

223 3043 546 3111 Clemens
604 3044 703 3110 IV.
819 3044 1155 3130 Philippo,
1221 3044 1727 3129 archiepiscopo
1808 3043 2285 3123 Ravennaten„
2366 3062 2565 3128 quern
2642 3044 2708 3109 in
2781 3043 3204 3129 Aquilegien.

222 3155 288 3217 et
323 3149 617 3218 Graden.
668 3151 1211 3237 patriarchatibus
1260 3169 1336 3217 ac
1383 3151 1449 3217 in
1486 3150 1848 3236 Ragusina,
1897 3150 2370 3228 Ravennatem,
2419 3149 2785 3217 Mediolan.
2837 3155 2899 3217 et
2921 3150 3203 3216 Januen.

221 3259 626 3337 civitatibus,
720 3258 1165 3338 dioecesibus,
1243 3259 1604 3344 provinciis
1683 3276 1947 3324 necnon
2026 3258 2093 3322 in
2173 3256 2592 3336 Lombardia‚
2671 3257 3066 3331 Romaniola
3146 3260 3209 3323 et

220 3366 525 3433 Marchia
572 3364 915 3432 Tervisina
965 3365 1352 3452 Legatum-5)
1400 3364 1863 3450 Apostolicum
1913 3364 2357 3442 constituerat,
2429 3364 2611 3430 dedit
2659 3364 3066 3442 mandatum,
3139 3368 3208 3429 ut

225 3473 551 3539 omnibus
644 3473 952 3558 personis
1046 3475 1272 3539 contra
1365 3472 1469 3538 ius
1562 3472 1926 3557 assumptis
2043 3472 2324 3537 omnino
2418 3472 2682 3549 amotis,
2800 3472 3206 3556 praelaturis,

225 3580 688 3665 dignitatibus,
761 3580 1162 3665 praebendis
1232 3580 1514 3665 aliisque
1583 3579 1929 3646 beneficiis
2002 3576 2377 3663 provideret
2439 3578 2783 3663 „personis
2833 3577 3095 3643 idoneis
3143 3581 3209 3644 et

227 3687 569 3754 Ecclesiae
604 3686 944 3759 Romanae
978 3687 1365 3773 devotis.“⁶)
1446 3686 1699 3755 Eodem
1737 3687 1915 3752 enirn
1949 3688 2251 3770 tempore
2284 3684 2643 3752 infaustum
2680 3685 2842 3751 illud
2876 3689 3206 3751 certamen

359 3952 403 4021 1)
440 3952 641 4007 Jordan
681 3954 713 4008 l.
754 3969 796 4008 c.
838 3951 909 4007 n⁰
944 3954 1046 4009 257
1086 3953 1247 4021 (1266
1283 3953 1436 4008 Febr.
1478 3952 1598 4020 15.).

359 4059 407 4128 ²)
446 4058 691 4125 CaroluS,
748 4074 933 4115 comes
987 4059 1420 4132 AndegavensiS,
1478 4061 1767 4129 postquam
1825 4061 1878 4112 in
1935 4059 2142 4128 proelio
2198 4059 2265 4112 ad
2322 4058 2693 4112 Beneventum
2743 4059 2904 4125 (1266
2940 4058 3093 4114 Febr.
3133 4058 3208 4122 6.)

225 4150 452 4204 feliciter
497 4150 680 4203 contra
715 4148 1076 4214 Manfredum,
1122 4151 1416 4219 principem
1456 4149 1816 4213 Tarentinum,
1856 4151 2005 4219 regni
2045 4147 2257 4203 Siciliae
2283 4150 2674 4217 usurpatorem,
2714 4150 3006 4202 commisso
3040 4149 3211 4202 victor

227 4240 417 4304 evasit,
456 4254 487 4293 a
525 4238 785 4293 pontifice
824 4240 1193 4293 investituram
1233 4239 1360 4293 dicti
1398 4241 1550 4309 regni
1589 4238 1881 4307 acceperat.

445 4343 528 4400 Cf.
566 4344 820 4406 Raumer:
861 4346 1059 4401 Gesch.
1099 4346 1151 4400 d.
1193 4345 1607 4401 Hohenstaufen
1647 4344 1735 4400 IV.
1772 4360 1826 4414 p.
1865 4344 1964 4399 481
2009 4359 2128 4414 sqq.

361 4453 411 4523 ⁸)
449 4452 532 4508 Cf.
570 4452 770 4508 Jordan
809 4454 844 4507 1.
884 4468 928 4508 c.
969 4451 1043 4507 n⁰
1077 4453 1183 4507 309
1218 4453 1383 4521 (1266
1420 4454 1548 4508 Maii
1588 4453 1716 4523 28.).

357 4560 404 4628 ⁴)
442 4560 646 4615 Ibidem
686 4560 719 4614 l.
758 4576 803 4614 c.
841 4559 918 4614 n0
952 4560 1050 4616 631
1096 4561 1257 4627 (1268
1293 4559 1425 4615 Maii
1465 4560 1588 4630 28.).

360 4666 405 4737 ὅ)
444 4667 525 4723 Cf.
563 4667 762 4722 Jordan
802 4668 836 4721 l.
876 4683 920 4722 c.
960 4666 1033 4721 n0
1070 4668 1173 4723 487
1212 4667 1375 4737 (1267
1412 4667 1538 4723 Julii
1577 4668 1666 4737 8.).

361 4774 406 4844 ⁶)
446 4776 648 4830 ibidem
686 4775 718 4829 l.
758 4791 802 4830 c.
842 4775 914 4830 n⁰
950 4774 1072 4830 631.

444 4882 699 4938 Similiter
758 4884 811 4936 et
874 4882 1154 4952 Philippus
1215 4883 1653 4952 archiepiscopus
1716 4881 2078 4941 Ravennaten.
2140 4882 2345 4950 accepit
2405 4880 2712 4936 facultatem
2777 4881 3092 4934 instituendi
3157 4883 3207 4933 in

233 4974 472 5028 ecclesiis
511 4972 905 5027 cathedralibus
944 4974 998 5027 et
1036 4973 1154 5027 aliis
1198 4972 1498 5043 collegiatis
1536 4986 1667 5026 suae
1713 4973 2018 5041 legationis,
2060 4973 2111 5025 in
2139 4972 2338 5041 quibus
2364 4971 2675 5025 auctoritate
2694 4969 3007 5038 Apostolica
3034 4969 3211 5023 adhuc

235 5063 438 5117 nullum
495 5061 691 5116 fecerat
744 5063 923 5130 recipi,
981 5062 1203 5115 clericos
1257 5061 1488 5115 idoneos
1544 5062 1596 5115 et
1651 5060 1973 5129 providendi
2031 5062 2109 5114 eis
2148 5061 2217 5114 de
2254 5059 2579 5129 praebendis
2617 5061 2671 5113 et
2709 5058 3086 5126 personatibus
3122 5058 3208 5111 vel

235 5151 587 5223 dignitatibus
642 5152 800 5204 etiam
856 5153 1052 5205 curatis
1114 5153 1188 5214 ,si
1228 5153 1280 5205 in
1338 5150 1543 5204 eisdem
1582 5149 1823 5204 ecclesiis
1863 5150 2055 5203 vacant
2091 5150 2180 5203 vel
2219 5164 2378 5217 quam
2421 5149 2558 5202 cito
2597 5148 2675 5202 ad
2714 5147 2778 5201 id
2815 5162 2886 5201 se
2924 5145 3210 5201 facultas

235 5240 600 5295 obtulerit·
646 5254 765 5293 cum
805 5253 1093 5294 assensu
1132 5240 1312 5294 tamen
1353 5239 1667 5293 collatorum
1706 5238 2112 5293 ordinariorum.

443 5345 649 5402 Ibidem
687 5346 719 5400 1.
760 5361 803 5401 c.
842 5344 914 5399 n⁰
948 5346 1054 5403 490
1091 5346 1256 5415 (1267
1295 5345 1425 5400 Maii
1471 5346 1590 5413 15.).

2941 5450 2974 5503 2
