3688 5825
1296 1498 2170 1630 praenotanda.

1568 1800 1888 1807 ———..——-.-

454 1977 880 2131 Antequam
953 2047 1464 2134 disquisitiones
1537 2047 1601 2112 in
1673 2045 2100 2132 Apostolicas
2163 2046 2695 2114 Constitutiones
2767 2049 2850 2115 de
2919 2049 3217 2135 generali

239 2151 720 2219 beneficiorum
785 2155 1229 2221 reservatione
1293 2155 1504 2220 editas
1567 2153 1935 2239 aggrediar,
1985 2154 2277 2220 muneris
2328 2155 2456 2220 mei
2506 2158 2725 2239 partes
2774 2174 2924 2221 esse
2972 2173 3218 2222 censeo

240 2277 455 2344 pauca
548 2258 827 2344 praefari
921 2260 1004 2327 de
1098 2262 1407 2347 opusculi
1501 2260 1701 2327 huius
1794 2261 2054 2346 origine
2148 2263 2211 2326 et
2287 2261 2607 2341 consiliis,
2703 2280 2875 2347 quae
2954 2263 3021 2327 in
3103 2263 3217 2329 illo

239 2366 720 2451 componendo
770 2371 1038 2434 secutus
1089 2387 1259 2434 sum.

457 2471 628 2539 Cum
665 2474 964 2560 quinque
1013 2476 1210 2541 annis
1244 2478 1395 2541 ante
1444 2475 1509 2540 in
1545 2472 1741 2540 Alma
1777 2473 1958 2541 Urbe
1992 2479 2249 2560 praeter
2280 2475 2406 2541 alia
2441 2476 2711 2561 negotia
2747 2476 2814 2541 in
2847 2474 3220 2543 Tabulariis

236 2579 578 2646 Vaticanis
627 2581 825 2647 etiam
877 2580 1199 2667 Registris
1248 2581 1614 2648 Pontificiis
1661 2583 1794 2647 tam
1843 2580 2182 2648 Vaticanis
2240 2600 2440 2667 quam
2490 2580 3080 2649 Avenionensibus
3142 2601 3219 2648 ea

239 2687 615 2753 intentione
650 2689 1143 2773 perscrutandis
1181 2690 1652 2766 incumberem,
1690 2691 1760 2753 ut
1794 2689 2068 2755 Litteras
2100 2687 2523 2773 Apostolicas
2551 2688 2706 2755 inde
2733 2708 2769 2754 a
2795 2689 3217 2774 temporibus

234 2793 572 2860 Johannis
607 2793 731 2859 ΡΡ.
765 2794 952 2861 XXII.
988 2814 1203 2881 usque
1246 2796 1327 2862 ad
1377 2794 1776 2881 Gregorium
1808 2794 1935 2861 ΡΡ.
1969 2796 2070 2861 Xl.
2105 2794 2439 2862 confectas
2475 2796 2859 2881 praesertim
2898 2796 3220 2862 beneficia

234 2901 780 2969 Vratislaviensia
830 2904 1203 2989 specialiter
1263 2907 1675 2970 reservantes
1724 2902 1963 2970 sedulo
2011 2903 2415 2989 colligerem,
2481 2903 2609 2970 iam
2659 2905 2816 2970 tunc
2865 2902 3218 2972 mediisin

239 3009 348 3074 his
398 3008 634 3075 studiis
683 3010 845 3075 mihi
896 3011 960 3076 in
1012 3015 1302 3077 mentem
1352 3012 1535 3076 venit
1583 3011 1827 3076 iustum
1889 3029 2049 3077 sane
2099 3010 2226 3077 hoc
2274 3011 2717 3097 propositum,
2781 3010 3219 3095 conquirendi

239 3116 444 3182 simul
515 3119 578 3182 et
648 3134 886 3183 omnes
958 3116 1491 3184 constitutiones
1562 3119 1625 3183 et
1697 3117 1972 3184 Litteras
2029 3116 2455 3203 Apostolicas
2526 3118 2827 3184 eiusdem
2899 3118 3221 3202 temporis

236 3223 706 3308 generalem
802 3224 1276 3291 beneficiorum
1370 3226 1886 3292 reservationem
1981 3225 2429 3310 respicienteS,
2525 3243 2692 3310 quas
2784 3223 2867 3290 ad
2949 3224 3223 3290 Litteras

239 3329 569 3396 beneficia
640 3331 1013 3416 specialiter
1082 3332 1589 3417 quodammodo
1661 3335 2071 3399 reservantes
2142 3335 2312 3398 recte
2383 3331 2848 3398 diiudicandas
2918 3331 3221 3416 apprime

238 3454 739 3521 cognoscamus
789 3457 1064 3504 necesse
1114 3441 1233 3505 est.

458 3543 768 3611 Ceterum
820 3565 981 3612 sane
1030 3547 1246 3613 mirari
1299 3547 1437 3613 iure
1484 3565 1686 3613 nemo
1736 3549 1975 3632 potest,
2037 3564 2141 3612 me
2205 3546 2270 3612 in
2320 3546 2425 3612 his
2473 3545 2652 3612 foliis
2701 3544 2785 3611 ad
2834 3543 3222 3610 huiusmodi

238 3650 463 3717 studia
509 3653 918 3719 convertisse
966 3654 1285 3719 animum.

432 3757 594 3824 ,luri
643 3760 821 3828 enim
870 3761 1196 3827 canonico
1245 3761 1348 3827 vel
1397 3760 1710 3826 historiae
1759 3760 2244 3827 ecclesiasticae
2294 3778 2564 3845 operam
2615 3761 2935 3825 navantes
2985 3773 3224 3823 omnes

240 3866 453 3951 probe
504 3866 742 3945 sciunt,
794 3868 1022 3952 quanti
1074 3868 1398 3933 momenti
1458 3868 1694 3953 partim
1744 3868 2103 3953 opportuni
2169 3867 2403 3951 partim
2455 3865 2818 3951 importuni
2877 3864 3105 3930 multis
3158 3863 3223 3928 in

239 3973 443 4039 rebus
490 3975 623 4039 tam
660 3974 945 4058 publicis
981 3993 1180 4060 quam
1222 3975 1492 4059 privatis
1525 3975 1911 4059 praesertim
1946 3977 2247 4060 tempore
2282 3974 2493 4040 exsilii
2544 3973 2698 4039 dicti
2733 3969 3225 4037 Avenionensis

239 4079 609 4146 exstiterint
650 4079 1157 4152 Reservationes
1190 4080 1638 4166 Apostolicae,
1688 4100 1810 4147 nec
1844 4081 2063 4166 palam
2101 4081 2390 4166 profiteri
2426 4082 2751 4158 verentur,
2801 4079 2946 4145 illas
2981 4096 3225 4161 magna

238 4205 323 4253 ex
371 4189 555 4272 parte
604 4187 811 4253 fuisse
859 4205 1094 4254 causas
1129 4187 1535 4254 seditionum
1587 4189 1870 4254 saeculis
1918 4188 2358 4273 sequentibus
2391 4187 2754 4252 Ecclesiam
2791 4183 3034 4251 Christi
3085 4182 3224 4248 dire

238 4291 764 4359 dilacerantium.

457 4397 763 4466 Attamen
842 4400 1084 4467 eodem
1167 4400 1372 4468 modo
1453 4420 1591 4468 non
1672 4401 1983 4486 ignorant
2059 4400 2606 4474 Reservationum
2687 4397 3224 4484 Apostolicarum

239 4507 645 4591 systematis,
717 4511 786 4573 ut
856 4508 942 4575 ita
1014 4508 1251 4587 dicam,
1323 4509 1835 4594 explicationem
1911 4511 1974 4574 et
2043 4508 2517 4574 enodationem
2582 4524 2798 4591 usque
2856 4502 2939 4570 ad
3000 4504 3224 4568 nostra

238 4619 545 4700 tempora
595 4617 876 4682 omnino
927 4634 1065 4682 non
1114 4635 1263 4682 esse
1299 4616 1709 4682 exhaustam.
1784 4615 1938 4696 Qua
1971 4615 2054 4681 de
2089 4634 2155 4681 re
2189 4613 2528 4699 Phillips1)
2563 4615 2626 4680 et
2660 4610 3107 4695 Hinschius2)‚
3159 4609 3225 4674 in

241 4723 403 4789 iuris
451 4723 758 4789 canonici
809 4723 1082 4790 historia
1131 4724 1249 4789 viri
1299 4724 1753 4802 versatissimi,
1827 4741 2236 4809 quamquam
2288 4721 2685 4806 peculiarem
2736 4723 3013 4804 uterque
3063 4716 3226 4781 satis

238 4830 566 4898 eruditam
617 4831 896 4897 instituit
928 4831 1472 4916 disputationem,
1521 4834 1764 4909 tamen,
1814 4829 2165 4896 deficiente
2197 4828 2414 4895 adhuc
2447 4830 2742 4893 accurata
2778 4823 3227 4911 publicatione

239 4938 703 5023 Regestorum,
753 4938 1107 5023 complecti
1156 4938 1326 5005 hanc
1372 4939 1711 5004 materiam
1762 4956 1901 5004 non
1938 4938 2314 5022 potuerunt.
2388 4935 2467 5000 Et
2500 4934 2660 5000 mihi
2712 4932 2985 5018 quidem
3035 4929 3225 4996 facile

238 5060 638 5132 persuasum
666 5044 787 5120 est,
816 5041 1097 5126 pagellis
1123 5040 1227 5107 his
1254 5060 1360 5107 me
1387 5042 1821 5126 quaestiones
1847 5040 1930 5106 de
1956 5039 2250 5125 generali
2282 5036 2757 5105 beneficiorum
2773 5037 3222 5102 reservatione

455 5259 500 5327 ¹)
541 5257 927 5317 Kirchenrecht
962 5256 1029 5320 V,
1067 5256 1173 5310 470
1210 5270 1329 5325 sqq.

453 5349 501 5418 ἵ)
542 5348 761 5418 System
800 5348 898 5402 des
935 5345 1326 5404 Katholischen
1366 5344 1779 5404 Kirchenrechts
1819 5344 1897 5409 111,
1943 5343 2043 5398 113
2080 5358 2199 5412 sqq.
