3688 5825
1952 283 2034 343 76

509 490 930 576 presencium
1009 490 1253 558 talibus
1343 491 1448 557 vel
1541 508 1771 558 eorum
1863 490 2057 557 alicui
2135 488 2593 571 absolucionis
2671 489 3070 555 beneficium
3150 487 3235 553 de
3313 487 3494 554 iacto

509 597 898 683 impendere
991 599 1536 683 presumpserint,
1643 596 2366 664 excommunicacionis
2459 598 2524 662 et
2613 595 3055 662 anathematis
3146 594 3495 662 sentencia

507 704 913 771 innodamus
997 705 1232 789 eisque
1340 704 1793 772 interdicimus
1893 700 2398 789 predicacionis,
2484 702 2809 781 lectionis,
2883 702 3497 768 administracionis

507 814 1071 879 sacramentorum
1157 814 1223 879 et
1321 811 1641 878 audiendi
1716 810 2183 878 confessiones
2284 809 2602 888 officium,
2694 809 3112 894 predicentes
3191 828 3231 875 a
3309 812 3496 894 parte

507 919 1112 1005 transgressoribus
1196 921 1261 985 et
1337 919 1914 1004 contemptoribus
1994 917 2426 1003 supradictis,
2515 935 2642 983 nos
2717 917 2987 1002 gravius
3064 918 3292 983 contra
3371 933 3497 982 eos

509 1025 937 1111 spiritualiter
966 1027 1030 1092 et
1062 1026 1529 1111 temporaliter,
1580 1027 1776 1110 prout
1808 1024 2120 1111 expedire
2169 1024 2552 1103 viderimuS‚
2587 1041 3039 1108 processuros.
3136 1022 3226 1090 Ut
3268 1024 3494 1088 autem

513 1132 899 1198 huiusmodi
971 1133 1180 1199 nostri
1254 1151 1608 1218 processus
1681 1132 1762 1198 ad
1835 1150 2262 1199 communem
2326 1131 2628 1198 omnium
2694 1131 3007 1197 noticiam
3058 1129 3495 1205 deducantur,

509 1241 720 1307 cartas
791 1239 933 1305 sive
1006 1241 1451 1322 membranaS‚
1503 1257 1860 1326 processus
1929 1239 2349 1306 continentes
2421 1237 2698 1305 eosdem
2758 1238 2824 1304 in
2896 1237 3166 1303 maioris
3215 1237 3498 1303 ecclesie

512 1344 1000 1413 Avinionensis
1026 1347 1319 1432 appendi
1348 1348 1451 1414 vel
1482 1347 1664 1431 affigi
1701 1346 1941 1412 hostiis
1975 1346 2116 1413 sive
2150 1345 2566 1412 liminaribus
2598 1345 2940 1423 iaciemus,
2977 1363 3106 1430 que
3135 1362 3497 1429 processus

514 1453 702 1538 ipsos
752 1471 877 1519 suo
928 1454 1120 1538 quasi
1170 1472 1421 1520 sonoro
1472 1454 1789 1539 preconio
1840 1456 1905 1520 et
1954 1453 2182 1539 patulo
2228 1452 2479 1539 judicio
2530 1452 2985 1538 publicabunt,
3059 1454 3130 1517 ut
3193 1450 3498 1536 predicti,

514 1577 688 1644 quos
750 1560 878 1645 ipsi
938 1578 1293 1645 processus
1341 1561 1755 1646 contingent,
1782 1560 1861 1644 ¹0)
1924 1560 2172 1626 nullam
2223 1559 2486 1645 possint
2533 1559 3040 1626 excusacionem
3103 1557 3497 1643 pretendere

514 1666 620 1732 vel
672 1667 1130 1752 ignoranciam
1167 1668 1487 1753 allegare,
1539 1666 1722 1752 quod
1757 1667 1840 1733 ad
1877 1685 1997 1733 eos
2045 1684 2401 1752 processus
2451 1666 2837 1732 huiusmodi
2886 1684 3024 1732 non
3075 1664 3496 1750 pervenerint

515 1773 619 1841 vel
670 1774 853 1859 quod
905 1775 1357 1860 ignoraverint
1404 1774 1703 1854 eosdem,
1751 1793 1904 1842 cum
1954 1792 2091 1840 non
2142 1774 2226 1840 sit
2257 1773 2634 1852 verisimile,
2670 1790 3007 1839 remanere
3044 1771 3270 1857 quoad
3306 1772 3497 1856 ipsos

514 1881 931 1966 incognitum
1003 1881 1107 1948 vel
1179 1882 1532 1960 occultum,
1605 1881 1786 1967 quod
1857 1884 1993 1948 tam
2066 1884 2363 1966 patenter
2432 1881 2780 1947 omnibus.
2819 1878 3013 1945 fuerit
3060 1879 3494 1966 publicatum.

725 1987 960 2055 Actum
1010 1987 1342 2055 Avinione
1391 1989 1458 2055 in
1509 1989 1758 2075 palatio
1808 1991 2039 2055 nostro
2087 1987 2460 2074 apostolico
2509 1987 2576 2053 in
2627 1987 2734 2053 die
2772 1986 2957 2054 Cene
3005 1986 3265 2053 domini
3309 1987 3496 2071 pont.

516 2095 725 2161 nostri
773 2114 831 2161 a.
882 2098 1137 2180 quarto.

638 2235 681 2306 1)
718 2251 988 2291 cursores:
1029 2236 1094 2291 V.

641 2324 691 2394 ²)
729 2326 894 2381 verba
940 2326 1127 2391 ¹,Item‘
1172 2341 1347 2396 usque
1384 2327 1455 2381 ad
1498 2329 1842 2398 ¹,imponunt‘
1888 2327 2085 2381 desunt
2122 2328 2176 2380 in
2216 2326 2281 2380 V.

641 2414 688 2483 ⁸)
814 2439 836 2461 s
1033 2438 1055 2462 a
1270 2438 1292 2462 s
1417 2439 1442 2461 a
1500 2418 1878 2488 ¹„impugnant”
1982 2439 2007 2461 ο
2140 2438 2161 2461 ι
2221 2414 2287 2469 V.

639 2503 687 2573 ⁴)
728 2504 995 2559 dimittere
1033 2504 1121 2575 (l):
1160 2505 1225 2559 V.

641 2591 688 2661 ⁶)
725 2595 844 2649 sine
881 2594 1137 2649 mandato
1177 2594 1263 2664 (l):
1304 2593 1369 2649 V.

648 2681 693 2750 ⁶)
733 2683 913 2738 deest:
951 2682 1017 2737 V.

650 2769 693 2839 ⁷)
732 2771 845 2825 vel:
886 2770 952 2825 V.

649 2858 700 2930 8)
738 2860 915 2916 deest:
954 2859 1020 2915 V.

649 2948 694 3018 ⁹)
732 2966 763 3005 a
802 2950 1156 3020 quibusdam:
1195 2950 1260 3005 V.

625 3037 693 3108 ¹⁰)
733 3040 1040 3111 contigerit:
1081 3041 1136 3110 (1)
1176 3039 1242 3094 V.

2050 3165 2090 3204 ὶῑ·

525 3268 656 3324 1341
699 3268 822 3325 oct.
862 3270 947 3326 23.
1917 3165 2042 3245 24⁶
2089 3165 2119 3267 )

522 3356 659 3413 eod.
698 3357 759 3412 Β.
797 3357 889 3413 τοι.
933 3355 1227 3412 106—108.

525 3483 1019 3575 Constitucio,
1091 3483 1301 3584 quod
1357 3485 1835 3584 impetrantes
1903 3488 1977 3561 in
2035 3484 2273 3561 forma
2339 3505 2756 3584 pauperum
2813 3505 2968 3560 non
3027 3482 3509 3565 admittantur

686 3614 761 3687 in
820 3607 1146 3687 ecclesiis
1203 3606 1634 3712 collegiatis,
1696 3612 1770 3685 in
1828 3609 2104 3709 quibus
2157 3630 2505 3711 grossum
2565 3607 3112 3709 prebendarum
3172 3631 3349 3688 cum

529 3732 1186 3812 distribucionibus
1243 3734 1659 3811 cottidianis
1717 3733 2085 3811 excedunt
2149 3754 2519 3811 summam
2596 3731 2993 3810 litterarum
3071 3732 3508 3836 ipsorum.¹)

986 3874 1436 3954 Benedictus
1493 3878 1628 3954 etc.
1741 3873 1867 3954 Ad
1923 3879 2361 3978 perpetuam
2420 3878 2519 3953 rei
2578 3879 3040 3953 memoriam.

736 4034 847 4102 Ad
883 4035 1294 4121 providam
1320 4036 2141 4121 'circumspectionem
2181 4035 2362 4102 sedis
2389 4035 2758 4121 apostolice
2784 4035 3110 4119 pertinere
3140 4035 3512 4103 dinoscitur

526 4146 696 4219 inter
727 4161 1050 4229 personas
1078 4142 1560 4210 ecclesiasticas
1594 4143 1958 4228 litigiorum
1994 4146 2334 4227 amputare
2361 4143 2701 4209 materiam
2729 4145 2793 4209 et
2824 4145 3241 4209 occurrentes
3275 4143 3508 4211 dubie·

526 4250 677 4317 tatis
746 4249 1097 4334 scrupulos
1159 4268 1601 4316 summovere.
1664 4249 1897 4335 Nuper
1943 4250 2277 4334 siquidem
2336 4249 2419 4316 ad
2483 4249 2901 4335 apostolatus
2949 4250 3156 4316 nostri
3207 4252 3509 4335 pervenit

527 4357 847 4435 auditum,
898 4355 1083 4441 quod
1133 4356 1199 4422 in
1249 4356 1593 4423 nonnullis
1641 4356 2009 4442 collegiatis
2058 4357 2355 4423 ecclesiis
2402 4356 2669 4434 fructus,
2718 4356 3013 4423 redditus
3047 4358 3110 4422 et
3141 4361 3510 4441 proventus

526 4463 745 4548 grossi
773 4462 1212 4548 singularium
1240 4463 1725 4548 prebendarum
1754 4463 1837 4529 ad
1865 4462 2191 4530 decimam
2217 4467 2373 4530 sunt
2395 4463 2616 4542 taxati,
2652 4463 3170 4530 distribuciones
3204 4482 3367 4531 vero
3396 4484 3512 4532 seu

527 4569 639 4637 alii
665 4569 960 4637 redditus
1016 4573 1082 4636 et
1136 4572 1521 4655 proventus,
1575 4588 1751 4657 quos
1814 4570 2061 4655 singuli
2130 4570 2449 4637 dictarum
2488 4571 2911 4637 ecclesiarum
2959 4570 3265 4637 canonici
3304 4576 3517 4657 preter

530 4695 812 4761 grossos
836 4676 1084 4743 tructus
1114 4677 1448 4763 predictos
1474 4677 1867 4762 percipiunt,
1895 4678 2236 4744 annuatim
2272 4678 2468 4743 taxati
2497 4677 2579 4743 ad
2607 4676 2932 4743 decimam
2966 4695 3103 4743 non
3122 4678 3174 4764 2)
3202 4678 3512 4758 existunt,

529 4786 594 4849 et
627 4783 811 4869 quod
855 4783 921 4849 in
956 4784 1102 4850 aliis
1152 4784 1551 4870 plerisque3)
1601 4785 1900 4851 ecclesiis
1948 4784 2467 4851 distribuciones
2517 4802 2636 4850 seu
2687 4786 3052 4869 proventus
3101 4786 3165 4850 et
3214 4785 3513 4852 redditus

530 4890 917 4957 huiusmodi
971 4894 1127 4957 sunt
1171 4891 1392 4969 taxati,
1452 4891 1572 4957 sed
1620 4893 1839 4976 grossi
1890 4891 2202 4977 tructus4)
2251 4891 2448 4958 taxati
2500 4908 2928 4975 nequaquam
2978 4890 3269 4957 existunt
3319 4911 3398 4959 ac
3451 4895 3514 4959 in

533 4997 755 5063 multis
789 4997 937 5063 aliis
971 4998 1270 5065 ecclesiis
1304 4998 1677 5083 collegiatis
1711 4999 1892 5064 nulla
1925 4998 2249 5066 fructuum
2286 4997 2776 5083 prebendarum
2821 5001 2885 5063 et
2930 4997 3515 5076 distribucionum,

531 5122 700 5189 quas
749 5123 975 5170 earum
1023 5105 1327 5172 canonici
1363 5105 1834 5191 particulariter
1867 5105 2261 5191 percipiunt,
2311 5103 2696 5189 habeaturb)
2747 5104 2830 5170 ad
2866 5103 3193 5170 decimam
3228 5107 3511 5179 taxacio‚

534 5211 652 5276 sed
728 5229 967 5277 omnes
1016 5210 1284 5292 tructuS,
1355 5211 1650 5278 redditus
1722 5215 1785 5277 et
1842 5215 2205 5297 proventus
2253 5212 2691 5297 capitulorum
2743 5211 3168 5277 ecclesiarum
3220 5212 3513 5298 ipsarum

532 5320 685 5383 sunt
728 5318 926 5384 taxati
962 5318 1044 5384 ad
1079 5317 1469 5385 huiusmodi
1502 5317 1829 5385 decimam
1881 5319 1948 5384 in
1997 5320 2361 5400 communi,
2411 5319 2732 5406 quodque
2766 5318 2916 5385 licet
2956 5318 3176 5404 grossi
3209 5318 3517 5407 fructusss)
