3688 5825
1939 286 2023 346 98

491 494 755 579 publice
803 494 1134 560 nuncietis
1182 496 1247 560 et
1295 511 1414 578 per
1473 495 1642 560 alios
1693 495 1987 561 nunciari
2054 492 2308 560 faciatis
2356 495 2421 559 et
2468 493 2551 558 ab
2600 492 2918 558 omnibus
2971 491 3175 558 artius
3224 492 3467 571 evitari,

490 600 706 669 donec
754 600 1050 686 predicto
1085 600 1340 667 decano
1376 620 1574 686 passa
1623 601 1860 667 iniuria
1893 599 2301 678 huiusmodi,
2339 600 2706 665 iuramento
2741 618 2776 665 e
2808 616 3145 665 consensu
3182 599 3468 684 prestitis

493 726 567 774 ac
593 708 1105 774 renunicacione
1133 726 1250 793 per
1281 707 1605 774 decanum
1625 710 1689 774 et
1702 708 2127 792 obligacione
2142 707 2446 792 percives
2462 706 2812 792 predictOS‚
2834 709 2903 771 ut
2929 706 3265 791 prefertur,
3283 704 3470 772 factis

492 833 917 900 nequaquam
1010 816 1454 893 obstantibus,
1550 832 1679 899 que
1778 814 2047 899 quidem
2135 815 2505 880 iuramento
2577 816 2640 879 et
2707 830 3043 880 consensu
3116 812 3471 879 relaxanda

491 927 554 989 et
580 922 1096 990 renunciacione
1132 921 1365 988 decani
1394 924 1458 988 et
1495 922 1924 1006 obligacione
1962 921 2205 988 civium
2249 921 2689 1006 predictorum
2730 919 3100 987 revocanda
3133 919 3472 997 duximus,

493 1029 823 1115 predictos
842 1030 1267 1114 octingentos
1292 1028 1587 1095 florenos
1614 1029 1697 1094 de
1724 1032 1935 1107 scut0,
1955 1031 2024 1093 ut
2043 1029 2452 1113 premittitur,
2467 1028 2725 1094 solutos
2740 1026 3363 1094 restituerintetillis
3391 1026 3474 1092 de

492 1132 748 1204 iniuriis
827 1137 1042 1202 eidem
1125 1136 1381 1202 decano
1463 1136 1765 1221 irrogatis
1844 1135 2279 1202 satisfacerint
2347 1138 2800 1221 competenter
2876 1138 2942 1201 et
3024 1152 3172 1200 cum
3238 1134 3474 1199 litteris

490 1245 727 1311 vestris
777 1245 866 1311 rei
933 1244 1273 1309 veritatem
1323 1244 1825 1310 continentibus
1875 1243 1956 1308 ad
2008 1242 2366 1328 predictam
2416 1242 2643 1309 sedem
2694 1243 2993 1308 venerint
3049 1240 3471 1318 absolvendi,

491 1356 556 1418 et
604 1352 767 1418 alias
817 1351 1341 1418 constituciones
1391 1350 1836 1435 provinciales
1886 1349 2332 1417 Colonienses
2380 1353 2605 1417 contra
2656 1349 2998 1415 invasores
3054 1349 3362 1433 captores
3411 1350 3472 1412 et

491 1459 871 1526 detentores
933 1476 1008 1524 ac
1064 1458 1462 1543 spoliatores
1533 1457 1915 1524 clericorum
1966 1461 2029 1523 et
2076 1475 2509 1542 personarum
2581 1457 3168 1523 ecclesiasticarum
3237 1473 3468 1520 eorum

490 1570 693 1633 terras
771 1569 834 1632 et
910 1565 1055 1633 loca
1134 1564 1345 1630 editas
1422 1564 1677 1630 faciatis
1738 1564 2228 1631 inviolabiliter
2303 1564 2659 1631 observari.
2756 1562 3297 1629 Contradictores
3347 1564 3465 1628 etc.

707 1673 952 1739 Datum
1000 1671 1331 1738 Avinione
1380 1671 1471 1736 111.
1525 1689 1682 1737 non.
1735 1670 2072 1737 Februarii
2124 1690 2180 1736 a.
2232 1674 2440 1738 sexto.

497 2081 624 2138 1351
668 2081 800 2137 Dec.
837 2082 887 2137 6.
1918 1974 2043 2054 44

492 2170 629 2226 Cod.
667 2170 728 2226 B.
767 2170 858 2226 fol.
902 2171 1018 2227 139.

1424 2313 1842 2400 Revocacio
1902 2318 2522 2393 reservacionum.

827 2456 1185 2537 Clemens
1241 2462 1644 2559 episcopus
1702 2460 1835 2536 etc,
1950 2454 2071 2535 Ad
2127 2457 2447 2534 futuram
2506 2460 2605 2534 rei
2662 2460 3124 2536 memoriam.

704 2618 1172 2704 Apostolice
1206 2617 1421 2685 sedis
1456 2617 1975 2704 providencia
2010 2618 2483 2703 circumspecta
2508 2635 2996 2703 nonnunquam
3022 2615 3330 2683 ordinata
3356 2635 3473 2702 per

494 2744 640 2793 eam
716 2729 978 2792 revocat
1024 2728 1090 2791 et
1137 2728 1520 2803 commutat,
1571 2728 1766 2810 prout
1834 2725 2262 2791 varietatibus
2333 2728 2709 2810 temporum
2768 2727 2832 2790 et
2878 2723 3471 2792 commoditatibus

495 2831 912 2899 subditorum
988 2831 1344 2918 diligenter
1412 2832 1678 2898 attentis
1751 2831 1817 2897 id
1888 2832 2218 2918 conspicit
2287 2831 2633 2898 salubriter
2702 2834 2765 2897 et
2834 2831 3075 2898 utiliter
3130 2831 3468 2917 expedire.

499 2939 697 3018 Sane,
768 2959 917 3007 cum
969 2939 1212 3006 multas
1284 2940 1776 3006 reservaciones
1849 2940 1931 3006 de
1990 2940 2493 3007 canonicatibus
2543 2942 2607 3006 et
2655 2939 3016 3025 prebendis
3062 2941 3197 3005 tam
3249 2940 3469 3006 cathe-

493 3047 777 3114 dralium
827 3066 1028 3132 quam
1079 3047 1576 3132 collegiatarum
1628 3047 2054 3113 ecclesiarum
2105 3049 2170 3112 et
2217 3046 2363 3113 aliis
2412 3046 2755 3113 beneficiis
2805 3046 3271 3114 ecclesiasticis
3320 3065 3472 3113 cum

494 3173 645 3221 cura
717 3158 782 3220 et
850 3155 996 3220 sine
1043 3172 1196 3220 cura
1246 3154 1311 3219 in
1361 3153 1643 3220 diversis
1692 3153 1925 3220 mundi
1977 3154 2273 3239 partibus
2319 3155 2866 3233 consistentibus,
2915 3153 3343 3221 intendentes
3389 3154 3471 3221 de

495 3261 645 3340 illis,
694 3279 844 3328 cum
893 3264 1220 3340 vacarent,
1256 3280 1373 3346 per
1403 3262 1575 3327 dicte
1625 3259 1818 3328 Sedis
1854 3260 2351 3346 providenciam
2402 3261 2713 3339 ordinari,
2762 3279 2912 3326 cum
2947 3261 3472 3346 interposicione

497 3366 739 3434 decreti
790 3367 1173 3434 duxerimus
1207 3368 1488 3434 diversis
1537 3369 1912 3435 successive
1946 3368 2203 3435 vicibus
2251 3367 2610 3447 faciendaS,
2661 3387 2808 3447 nOS,
2858 3387 2937 3435 ex
2985 3369 3176 3434 certis
3225 3370 3471 3448 causiS‚

498 3493 629 3561 que
702 3474 782 3540 ad
854 3475 920 3540 id
994 3478 1291 3541 nostrum
1365 3475 1661 3541 animum
1736 3474 2157 3554 induxerunt,
2229 3492 2467 3541 omnes
2540 3475 3030 3541 reservaciones
3079 3475 3470 3542 huiusmodi

496 3583 702 3649 factas
773 3581 856 3648 de
927 3583 1431 3649 canonicatibus
1503 3586 1567 3648 et
1637 3581 1997 3667 prebendis
2069 3601 2144 3648 ac
2215 3582 2559 3649 beneficiis
2608 3582 3024 3668 supradictiS‚
3084 3582 3170 3648 de
3220 3583 3473 3668 quibus

495 3689 797 3756 nondum
849 3689 1264 3775 providimus
1312 3707 1431 3756 seu
1481 3688 1949 3755 mandavimus
1997 3688 2349 3774 provideri,
2399 3690 2782 3755 auctoritate
2816 3689 3188 3775 apostolica
3236 3692 3471 3757 tenore

495 3796 912 3882 presencium
987 3814 1375 3863 revocamus
1452 3797 1734 3881 illasque
1783 3797 2102 3881 deinceps
2151 3796 2398 3862 nullius
2448 3815 2597 3862 esse
2647 3796 3065 3863 decernimus
3112 3796 3471 3863 firmitatis.

491 3904 819 3970 Volumus
868 3907 1090 3971 tamen
1164 3905 1664 3971 revocacionem
1726 3907 2022 3970 nostram
2073 3902 2458 3969 huiusmodi
2510 3902 2589 3968 ad
2641 3903 3018 3988 dignitateS,
3069 3907 3473 3988 personatus

494 4013 556 4077 et
625 4013 845 4077 curata
937 4011 1159 4077 officia
1231 4010 1741 4096 quomodolibet
1811 4029 1950 4077 non
2022 4009 2308 4076 extendi.
2446 4009 2626 4076 Nulli
2698 4028 2856 4095 ergo
2905 4012 3023 4076 etc.
3164 4008 3236 4077 Si
3320 4012 3472 4095 quis

493 4120 716 4184 autem
765 4120 886 4184 etc.

705 4223 950 4291 Datum
1000 4224 1332 4292 Avinione
1378 4223 1532 4290 VIII.
1584 4224 1735 4291 idus
1782 4225 2173 4292 Decembris
2222 4225 2649 4310 pontificatus
2698 4224 2902 4290 nostri
2953 4243 3010 4290 a.
3061 4223 3352 4291 decimo.

497 4633 633 4688 1352
669 4633 846 4688 Martii
889 4634 969 4687 11.
1916 4525 2041 4605 45'

494 4721 631 4777 Cod.
671 4721 729 4777 B.
769 4721 859 4777 fol.
907 4722 1198 4778 139—140.

1015 4902 1447 4981 Declaracio
1504 4925 1731 5004 super
1787 4907 2274 4982 revocacione
2332 4907 2949 4981 reservacionum.

831 5044 1187 5125 Clemens
1244 5050 1647 5147 episcopus
1705 5048 1838 5124 etc.
1954 5043 2075 5123 Ad
2131 5045 2450 5123 futuram
2511 5050 2609 5123 rei
2668 5049 3130 5124 memoriam.

706 5206 766 5272 D
781 5225 820 5271 u
837 5206 879 5272 d
894 5225 933 5271 u
951 5226 1011 5272 m
1040 5207 1103 5272 vi
1118 5206 1241 5273 del
1257 5208 1408 5273 icet
1429 5207 1490 5272 8.
1508 5205 1657 5272 idus
1679 5205 2051 5273 decembris
2084 5206 2388 5291 proximo
2409 5206 2696 5290 preteriti
2713 5223 2951 5272 omnes
2973 5207 3475 5275 reservaciones

495 5313 701 5380 factas
765 5331 883 5399 per
943 5331 1070 5380 nos
1133 5314 1216 5379 de
1279 5314 1784 5380 canonicatibus
1849 5317 1912 5380 et
1975 5312 2332 5398 prebendis
2380 5316 2511 5378 tam
2562 5312 3031 5379 cathedralium
3084 5317 3149 5378 et
3197 5315 3476 5382 aliarum
