3688 5825
1983 312 2066 372 78

1964 732 2084 812 25.

533 853 669 909 1342
706 854 833 909 Jum
877 856 956 911 19.

531 942 661 1014 Reg.
702 943 820 998 Vat.
861 945 898 998 t.
944 944 1044 998 147
1088 944 1177 999 101.
1217 945 1252 1000 6
1289 942 1360 999 no
1394 946 1444 1001 9.

1370 1149 1494 1230 Ad
1551 1156 1988 1255 perpetuam
2048 1158 2145 1231 rei
2208 1159 2671 1233 memoriam.

743 1311 951 1378 Olim
1001 1311 1262 1378 felicis
1312 1312 1907 1379 recordacionis
1957 1313 2358 1380 Benedictus
2401 1333 2574 1400 papa
2629 1314 2757 1380 XII.
2794 1314 3230 1400 predecessor
3287 1316 3513 1380 noster

529 1418 886 1485 intendens
950 1418 1172 1484 licium
1224 1421 1289 1484 et
1338 1419 1699 1486 dubietatis
1771 1420 2146 1500 cuiuslibet,
2221 1440 2350 1506 que
2423 1423 2592 1487 inter
2648 1439 2977 1507 pauperes
3025 1420 3323 1499 clericOS,
3398 1421 3510 1505 qui

530 1544 731 1611 super
800 1525 1299 1610 provisionibus
1348 1526 1445 1592 eis
1516 1526 1836 1593 iaciendis
1886 1527 1969 1593 de
2018 1528 2363 1596 beneficiis
2435 1529 2861 1596 ecclesiaticis
2928 1529 3176 1594 litteras
3244 1528 3372 1593 sub
3436 1545 3511 1593 ea

527 1633 760 1711 forma,
841 1651 1041 1716 quam
1122 1650 1241 1717 pro
1321 1633 1488 1718 ipsis
1565 1634 1818 1700 clericis
1898 1634 2382 1701 beneficiandis
2462 1636 2791 1702 interdum
2864 1635 3061 1701 sedes
3140 1634 3510 1719 apostolica

529 1739 814 1806 scribere
863 1739 1233 1818 consuevit,
1293 1759 1330 1805 a
1389 1739 1549 1805 sede
1628 1740 1774 1825 ipsa
1854 1759 1975 1825 pro
2052 1745 2355 1827 tempore
2435 1743 2878 1828 impetrabant
2946 1744 3012 1807 et
3081 1741 3507 1808 ecclesiarum

528 1846 1026 1931 collegiatarum
1104 1846 1391 1930 capitula
1478 1847 1862 1913 oriebantur
1947 1849 2196 1933 sepius,
2277 1849 2617 1915 materiam
2712 1851 3074 1933 amputare,
3170 1847 3506 1934 quandam

528 1953 1086 2020 constitucionem
1135 1952 1342 2019 edidit
1388 1954 1807 2020 continencie
1859 1956 2354 2041 subsequentis,

743 2076 1143 2144 Benedictus
1177 2080 1297 2144 etc.
1346 2076 1448 2143 Ad
1484 2082 1874 2163 perpetuam
1910 2084 2028 2147 etc.
2087 2079 2223 2157 „Ad
2261 2081 2607 2167 providam
2643 2080 3347 2165 circumspectionem“
3388 2081 3505 2144 etc.

531 2202 746 2269 usque
813 2185 895 2250 ad
960 2184 1243 2262 „Datum
1292 2184 1624 2252 Avinione
1670 2185 1747 2251 X.
1799 2187 1925 2253 kal.
1975 2186 2378 2254 Novembris
2428 2192 2613 2273 pont.
2664 2188 2871 2254 nostri
2919 2205 3100 2253 anno
3150 2188 3500 2271 septimo.“

525 2290 793 2370 Verum,
844 2292 1000 2376 quia
1030 2293 1125 2358 sic
1159 2293 1359 2359 habet
1400 2292 1757 2358 multorum
1805 2293 2304 2379 fidedignorum
2354 2295 2644 2361 assercio
2686 2297 2752 2360 et
2800 2313 3044 2379 magna
3092 2294 3506 2379 experiencia

527 2397 676 2463 iacti
756 2398 969 2479 docet,
1042 2400 1225 2484 quod
1306 2418 1423 2484 per
1484 2401 1704 2484 ipsum
1790 2400 2282 2486 predecessoris
2361 2403 2733 2468 institutum
2814 2402 2880 2467 in
2953 2401 3076 2468 hac
3140 2404 3324 2486 parte
3390 2419 3504 2488 pro

527 2504 820 2571 comodo
854 2504 1006 2592 (sic)
1041 2508 1105 2572 et
1137 2506 1548 2592 indepnitate
1582 2507 1881 2592 ipsorum
1916 2508 2299 2574 clericorum
2337 2526 2707 2594 pauperum
2741 2509 3148 2586 credebatur,
3185 2508 3401 2574 tendit
3423 2509 3501 2574 ad

530 2630 773 2677 noxam
838 2613 1074 2697 pocius
1132 2617 1195 2679 et
1274 2613 1778 2679 incommodum
1861 2614 2248 2680 eorundem.
2341 2615 2506 2694 Nos,
2585 2635 2664 2682 ex
2743 2615 2871 2681 hiis
2946 2617 3011 2681 et
3087 2616 3282 2681 certis
3361 2617 3503 2682 aliis

529 2719 1045 2785 racionabilibus
1092 2720 1312 2786 causis
1376 2720 1646 2799 inducti,
1695 2722 2253 2788 constitucionem
2305 2723 2519 2808 ipsam
2570 2726 2633 2788 et
2680 2740 2952 2788 omnem
3002 2722 3149 2788 eius
3198 2722 3501 2789 effectum

528 2825 611 2890 de
658 2824 925 2891 fratrum
997 2828 1374 2892 nostrorum
1424 2827 1710 2893 consilio
1760 2829 2146 2895 auctoritate
2217 2828 2588 2914 apostolica
2658 2846 3049 2895 revocamus
3114 2832 3176 2894 et
3240 2831 3503 2915 penitus

531 2933 954 2998 annullamus
1026 2934 1384 3019 ipsumque
1456 2934 1789 3001 decretum
1866 2954 2128 3002 exnunc
2177 2937 2423 3002 nullius
2473 2955 2744 3022 prorsus
2816 2937 3095 3002 existere
3155 2937 3500 3004 firmitatis.

525 3038 768 3105 Nostre
836 3043 1060 3106 tamen
1132 3041 1535 3108 intencionis
1620 3061 2046 3129 nequaquam
2126 3044 2366 3122 existit,
2441 3043 2623 3129 quod
2687 3044 2816 3129 ipsi
2899 3063 3229 3129 pauperes
3293 3045 3500 3111 clerici

528 3145 852 3212 beneficia
901 3147 1172 3213 maioris
1220 3147 1463 3214 valoris
1536 3149 1601 3214 in
1676 3149 1932 3216 eisdem
2003 3150 2376 3235 collegiatis
2443 3151 2742 3216 ecclesiis
2813 3170 2929 3236 per
2997 3151 3205 3217 dictas
3256 3152 3500 3218 litteras

528 3254 824 3337 pretextu
897 3255 1350 3321 revocacionis
1421 3256 1808 3322 huiusmodi
1880 3257 2142 3323 valeant
2212 3260 2573 3343 acceptare,
2646 3277 2848 3342 quam
2919 3260 3070 3324 ante
3121 3258 3493 3325 edicionem

527 3360 1031 3427 constitucionis
1104 3361 1598 3447 predecessoris
1662 3363 1964 3430 eiusdem
2014 3366 2351 3450 acceptare
2410 3367 2714 3450 poterant
2762 3369 2824 3432 et
2872 3364 3230 3432 debebant.
3327 3366 3499 3433 Nulli

527 3484 689 3551 ergo
737 3469 857 3533 etc.

738 3592 986 3658 Datum
1035 3592 1367 3661 Avinione
1414 3594 1575 3662 XIV.
1626 3595 1753 3662 kal.
1803 3594 2089 3682 Augusti
2139 3617 2196 3663 a.
2247 3597 2487 3682 primo.

1954 4003 2079 4083 26.

531 4122 664 4177 1342
701 4124 832 4179 Maii
871 4123 955 4178 20.

523 4211 653 4283 Reg.
694 4212 813 4268 Vat.
852 4213 887 4267 t.
929 4212 1034 4267 214
1070 4211 1161 4267 tol.
1206 4214 1269 4268 14
1290 4212 1346 4268 t⁰
1381 4215 1451 4267 n⁰
1487 4216 1536 4271 9.

1363 4420 1485 4499 Ad
1544 4425 1981 4524 perpetuam
2042 4430 2140 4504 rei
2200 4430 2660 4505 memoriam.

736 4579 1041 4646 Dudum
1077 4580 1100 4645 i
1112 4580 1339 4646 elicis
1374 4582 1968 4649 recordacionis
2002 4583 2400 4651 Benedictus
2437 4604 2611 4671 papa
2642 4586 2769 4651 XII.
2799 4587 3232 4671 predecessor
3275 4595 3500 4658 noster

524 4686 884 4753 nonnullas
954 4688 1085 4752 tam
1160 4688 1647 4771 patriarchaleS,
1742 4690 2364 4776 archiepiscopales,
2447 4693 2868 4778 episcopales
2961 4697 3026 4760 et
3116 4697 3498 4764 abbaciales

524 4812 723 4878 quam
773 4793 937 4859 alias
988 4793 1348 4878 dignitates
1397 4812 1659 4861 necnon
1710 4801 2131 4881 personatus,
2180 4798 2421 4879 officia,
2493 4800 2946 4880 canonicatuS,
2998 4801 3378 4886 prebendas
3427 4824 3498 4871 ac

523 4899 648 4965 alia
697 4899 1022 4966 beneficia
1072 4900 1533 4979 ecclesiastica,
1585 4904 1903 4970 secularia
1953 4906 2018 4970 et
2065 4906 2389 4990 regularia
2437 4925 2587 4973 cum
2622 4925 2775 4973 eura
2824 4912 2888 4974 et
2936 4909 3080 4975 sine
3114 4928 3293 4989 cura,
3344 4915 3498 4979 tunc

417 5088 445 5111 ·
522 5006 831 5073 vacancia
923 5008 987 5072 et
1079 5007 1517 5092 imposterum
1610 5013 1935 5090 vacatura,
2027 5012 2219 5078 certis
2315 5014 2534 5079 modis
2628 5016 3059 5081 vacacionum
3138 5021 3496 5102 expressis,

523 5112 875 5179 intendens
923 5113 1006 5179 de
1057 5114 1185 5180 illis
1235 5133 1353 5199 per
1421 5115 1601 5181 sedis
1658 5117 2025 5201 apostolice
2100 5119 2595 5204 providenciam
2663 5121 2974 5200 ordinari,
3034 5122 3496 5208 disposicioni‚

522 5220 893 5304 provisioni
987 5224 1050 5286 et
1141 5222 1557 5288 ordinacioni
1652 5242 1792 5301 sue,
1911 5224 2128 5291 donec
2244 5226 2702 5294 miseracionis
2817 5228 3041 5294 divine
3133 5229 3497 5299 clemencia

521 5344 674 5394 eum
770 5328 1162 5395 universalis
1233 5328 1510 5396 ecclesie
1590 5331 1896 5418 regimini
1969 5333 2302 5420 presidere
2390 5334 2810 5409 concederet,
2886 5335 3175 5423 quedam
3249 5357 3332 5406 ex
3401 5341 3498 5407 eis
