3688 5825
1988 319 2074 393 94

539 531 602 594 et
650 526 1023 613 prebendas
1056 530 1191 593 tarn
1227 528 1293 593 in
1328 526 1816 594 cathedralibus
1852 546 2053 612 quam
2088 526 2458 611 collegiatis
2493 525 2790 592 ecclesiis
2825 523 3222 610 supradictis
3256 542 3521 591 necnon

540 635 865 702 beneficia
936 635 1382 701 ecclesiastica
1460 652 1609 700 cum
1687 651 1841 700 cura
1909 634 2014 700 vel
2085 634 2230 700 sine
2299 651 2473 712 cura,
2547 639 2832 717 quorum
2905 630 3177 716 quidem
3251 632 3525 711 fructus,

494 757 496 760 ’
540 739 790 808 reditus
839 744 904 808 et
952 744 1337 827 proventus,
1388 741 1442 807 si
1492 759 1641 807 cum
1690 759 1842 806 cura
1892 741 2260 825 sexaginta,
2310 740 2366 805 si
2399 757 2555 805 vero
2599 739 2744 805 sine
2776 756 2927 804 cura
2974 739 3191 804 forent
3238 739 3525 824 quadra·

537 849 723 934 ginta
771 848 1082 915 librarum
1116 846 1608 914 Turonensium
1663 865 2015 932 parvorum
2051 847 2420 913 secundum
2455 846 2870 913 taxacionem
2920 845 3176 911 decime
3226 847 3522 912 valorem

540 973 838 1022 annuum
900 974 1037 1021 non
1088 954 1501 1034 excederent,
1552 953 1827 1040 perinde
1876 972 2093 1039 usque
2141 953 2223 1019 ad
2274 953 2620 1020 biennium
2670 955 2826 1018 tunc
2874 953 3179 1038 proximo
3227 954 3524 1020 futurum

539 1062 769 1147 vigore
817 1061 1137 1129 dictarum
1188 1062 1546 1128 litterarum
1596 1064 1971 1127 nostrarum
2020 1061 2225 1128 libere
2274 1062 2612 1145 acceptare
2671 1063 2734 1125 et
2781 1059 2864 1125 de
2914 1059 3082 1144 ipsis
3130 1061 3259 1127 sibi
3310 1060 3526 1127 facere

542 1168 871 1255 provideri
919 1170 1213 1236 valerent
1260 1187 1336 1235 ac
1383 1169 1438 1235 si
1489 1165 1780 1254 predicte
1854 1168 2345 1234 reservaciones
2417 1184 2535 1252 per
2580 1184 2727 1246 nOS,
2779 1169 2849 1232 ut
2891 1167 3306 1251 premittitur,
3357 1168 3526 1234 facte

541 1295 660 1343 seu
695 1276 1019 1355 faciende,
1068 1277 1570 1361 acceptaciones
1617 1293 1738 1342 seu
1775 1276 2198 1361 provisiones
2247 1273 2635 1340 huiusmodi
2694 1273 2968 1340 minime
3018 1275 3524 1359 precessissent.

541 1381 713 1449 Cum
764 1384 1008 1468 itaque,
1080 1383 1249 1450 sicut
1323 1384 1725 1469 accepimuS,
1795 1402 1832 1449 a
1907 1383 2208 1468 pluribus
2281 1382 2346 1447 fn
2412 1381 2689 1447 dubium
2743 1385 3103 1460 revocetur,
3183 1385 3402 1449 utrum
3458 1384 3524 1448 in

540 1489 881 1557 voluntate
952 1509 1029 1557 ac
1096 1489 1360 1556 decreto
1431 1490 1676 1556 nostris
1749 1489 2062 1575 predictis
2132 1506 2259 1555 nos
2318 1488 2837 1554 intellexerimus
2899 1488 3044 1554 loca
3106 1490 3524 1556 canonicalia

542 1597 988 1676 ecclesiarum,
1063 1597 1618 1663 monasteriorum
1690 1615 1766 1663 ac
1813 1596 2221 1682 prioratuum
2295 1598 2359 1662 et
2430 1596 2820 1680 quorumvis
2889 1595 3168 1662 aliorum
3218 1597 3522 1664 locorum

542 1704 962 1789 regularium,
1012 1705 1259 1771 certum
1294 1703 1764 1769 canonicorum
1816 1722 2168 1770 numerum
2203 1704 2623 1781 habencium,
2674 1719 2805 1787 que
2850 1720 3135 1788 persone
3183 1703 3523 1788 regulares

540 1814 699 1878 tunc
735 1811 1116 1897 temporis¹)
1166 1810 1592 1877 obtinuerant
1638 1812 1805 1893 aut2)
1858 1811 2253 1877 obtinebant
2283 1810 2387 1876 vel
2438 1810 2814 1876 obtinerent
2847 1809 2914 1875 in
2962 1812 3178 1888 antea,
3228 1828 3347 1895 per
3392 1828 3523 1877 nos

541 1921 697 1983 tunc
737 1918 1060 2004 temporis
1094 1917 1469 2003 specialiter
1500 1921 1828 1984 reservata
1877 1918 1981 1984 vel
2031 1918 2097 1983 in
2149 1920 2488 2002 posterum
2539 1915 2953 1996 reservanda,
2997 1919 3066 1982 ut
3102 1917 3520 2002 premittitur,

541 2025 1040 2110 comprehendi,
1089 2043 1217 2091 nos
1257 2024 1343 2091 ad
1379 2023 1783 2110 sopiendum
1816 2024 1989 2105 lites,
2040 2042 2169 2109 que
2213 2023 2455 2090 exinde
2488 2024 2640 2089 oriri
2676 2020 3034 2110 possent⁸),
3068 2022 3521 2091 dubitacionis

542 2131 928 2198 huiusmodi
949 2132 1288 2198 materiam
1316 2135 1657 2216 amputare
1684 2132 2008 2210 volenteS,
2037 2131 2422 2198 auctoritate
2443 2131 2813 2216 apostolica
2839 2134 3069 2197 tenore
3097 2132 3519 2216 presencium

542 2238 974 2318 declaramus,
1009 2241 1235 2305 nostre
1269 2238 1672 2305 intencionis
1706 2238 1987 2304 existere
2022 2255 2096 2304 ac
2129 2238 2337 2304 eciam
2373 2237 2691 2317 extitisse,
2727 2237 2908 2323 quod
2936 2238 3080 2304 loca
3106 2238 3522 2305 canonicalia

545 2345 793 2430 prefata
850 2348 1008 2412 tunc
1052 2345 1362 2412 vacancia
1433 2348 1499 2412 et
1546 2345 1611 2411 in
1662 2348 1856 2411 antea
1902 2348 2212 2411 vacatura
2261 2345 2328 2410 in
2376 2344 2719 2411 voluntate
2768 2362 2844 2412 ac
2888 2344 3155 2412 decreto
3205 2345 3522 2430 predictis

544 2452 926 2520 nullatenus
975 2452 1413 2519 includantur.
1506 2451 1688 2518 Nulli
1737 2470 1898 2538 ergo
1948 2454 2066 2518 etc.

756 2577 1003 2644 Datum
1051 2575 1385 2643 Avinione
1433 2576 1718 2664 idibus⁴)
1765 2575 2010 2662 Aprilis
2059 2594 2116 2642 a.
2169 2579 2423 2661 quarto.

666 2826 713 2898 ¹)
752 2826 929 2882 deest:
968 2826 1032 2881 V.

667 2916 711 2986 2)
750 2932 838 2971 ac:
877 2917 941 2972 V.

668 3005 716 3076 ⁸)
755 3007 992 3077 possint:
1032 3006 1096 3061 V.

666 3093 713 3163 ⁴)
754 3095 877 3150 idus
914 3094 1261 3165 pontificatus
1298 3097 1492 3150 nostri:
1534 3095 1598 3150 V.

1970 3472 2096 3551 41.

547 3594 682 3650 1346
720 3594 747 3648 Ρ
783 3624 869 3649 -.

543 3683 673 3755 Reg.
711 3682 830 3738 Vat.
869 3686 905 3739 t.
945 3684 1047 3740 217
1085 3683 1179 3738 fol.
1224 3685 1246 3738 1
1289 3681 1365 3737 n⁰
1404 3685 1447 3739 1.

1135 3861 1491 3942 Clemens
1549 3869 1952 3966 episcopus
2008 3888 2268 3944 servus
2324 3888 2714 3944 servorum
2772 3865 2940 3944 Dei.

1444 4004 1568 4085 Ad
1622 4007 1942 4086 futuram
2003 4012 2102 4086 rei
2162 4012 2623 4086 memoriam.

755 4164 1039 4233 Provida
1065 4164 1279 4251 sedils
1303 4165 1681 4252 apostolice
1705 4166 2114 4254 benzygnitas
2139 4168 2445 4234 comodis
2464 4166 2613 4253 (sic)
2631 4167 2918 4234 filiorum
2949 4186 3132 4234 more
3160 4170 3271 4255 pie
3291 4172 3515 4239 matris

543 4272 824 4340 libenter
872 4273 1249 4353 intendenS,
1314 4275 1654 4340 materiam
1716 4275 2080 4360 iurgiorum
2137 4273 2254 4360 [ac
2294 4273 2576 4362 licium),
2631 4275 2878 4360 quibus
2924 4293 3108 4361 sepe,
3138 4281 3514 4362 gravantur,

545 4384 866 4466 quantum
897 4380 1037 4446 fieri
1066 4383 1306 4466 potest,
1332 4399 1482 4447 cum
1511 4381 1779 4448 veritate
1806 4381 2053 4447 iustitie
2073 4385 2366 4447 removet
2382 4384 2448 4447 et
2464 4378 2955 4470 subdlitoruml
2971 4402 3132 4449 sane
3153 4385 3512 4452 multorum

545 4486 810 4572 querele
829 4490 1128 4553 nostrum
1151 4487 1523 4572 frequenter
1538 4488 1857 4554 hactenus
1889 4488 2318 4573 pulsaverunt
2346 4488 2669 4567 auditum,
2693 4489 2898 4573 quod,
2916 4508 3067 4556 cum
3087 4508 3205 4575 per
3224 4509 3355 4557 nos
3371 4491 3516 4580 [de]

544 4594 1004 4679 dignitatibuS,
1054 4594 1544 4679 personatibuS,
1593 4594 1833 4661 officiis
1883 4599 1948 4661 et
1994 4594 2143 4661 aliis
2192 4595 2536 4661 beneficiis
2584 4595 3047 4662 ecclesiasticis
3101 4598 3514 4682 regularibus

543 4704 605 4768 et
653 4700 1061 4768 secularibus
1109 4719 1259 4767 cum
1308 4719 1460 4767 cura
1507 4702 1609 4767 vel
1661 4700 1839 4787 sline
1884 4700 2099 4787 cura),
2150 4720 2282 4786 que
2331 4720 2449 4787 per
2493 4702 2575 4768 fe.
2629 4720 2715 4768 re.
2748 4702 3125 4770 ,Iohannem
3173 4704 3364 4770 XXIl.
3415 4706 3510 4773 vel

545 4807 976 4874 Benedictum
1011 4807 1137 4874 XII.
1189 4807 1530 4882 Romanos
1579 4808 1932 4894 pontifices
1982 4808 2488 4894 predecessores
2533 4807 2872 4897 [nostros]
2917 4828 3067 4876 cum
3103 4810 3511 4880 inhibicione

541 4932 620 4982 ac
674 4914 940 4981 decreto
989 4913 1170 4981 sedis
1243 4915 1533 5000 predicte
1601 4915 1952 4982 collacioni
2026 4918 2352 4981 reservata
2422 4915 2703 4996 fuerunt,
2776 4916 3114 5001 aliquibus
3181 4919 3509 5002 provideri

541 5018 990 5107 conltigeritJ,
1062 5020 1448 5088 huiusmodi
1522 5023 2047 5089 reservacionem
2112 5025 2176 5088 et
2224 5021 2559 5089 decretum
2633 5023 2698 5088 in
2770 5023 2998 5089 litteris
3062 5024 3310 5092 nostris
3360 5028 3511 5093 inde

541 5127 862 5194 confectis
911 5128 1238 5197 narrando
1301 5148 1377 5196 ac
1438 5128 1682 5195 deinde
1731 5147 1934 5214 super
1976 5127 2297 5214 [eisdem]
2345 5129 2690 5195 beneficiis
2739 5130 3045 5215 litigatur,
3096 5130 3215 5212 eis,
3266 5135 3510 5218 quibus

544 5234 972 5321 probacionis
1070 5253 1243 5303 onus
1344 5254 1546 5321 super
1611 5236 1868 5302 eisdem
1941 5236 2397 5302 reservacione
2467 5239 2531 5301 et
2618 5236 2883 5304 decreto
2978 5288 2992 5302 .
3071 5288 3085 5302 .
3165 5288 3178 5302 .
3276 5239 3507 5307 eadem

545 5341 860 5432 probacio
954 5342 1121 5433 ipsis
1212 5343 1506 5414 redditur
1589 5343 1836 5413 nedum
1891 5393 1904 5411 .
1957 5393 1971 5410 .
2024 5393 2037 5411 .
2089 5342 2535 5433 multipliciter
2610 5361 2934 5426 onerosa3
2992 5348 3216 5411 nostre
3271 5344 3516 5432 ligitur
