3688 5825
1956 295 2041 355 86

506 497 898 563 electionem
934 502 1425 565 consueverunt
1458 519 1574 566 seu
1627 500 1873 567 debent
1922 504 2195 582 assumi,
2246 504 2658 571 ordinacioni
2693 508 2758 571 et
2790 504 3225 591 disposicioni
3260 510 3495 574 nostre

505 622 582 670 ac
647 605 826 671 sedis
898 606 1201 672 eiusdem
1274 606 1357 673 de
1426 607 1690 673 fratrum
1765 612 2143 675 nostrorum
2216 612 2500 678 consilio
2562 615 2624 678 et
2694 613 3064 697 apostolice
3135 615 3492 698 potestatis

505 711 922 796 plenitudine
972 731 1405 792 reservamus,
1469 714 1794 781 universis
1844 718 1908 781 et
1956 716 2240 802 singulis
2312 718 2734 784 ecclesiarum
2808 720 3168 786 earundem
3219 739 3487 788 necnon

505 820 1079 899 monasteriorum,
1115 822 1543 905 prioratuum,
1580 822 1887 888 ordinum
1924 828 1987 888 et
2022 824 2319 891 locorum
2350 825 2793 911 predictorum
2826 827 3152 911 capitulis,
3179 828 3490 914 collegiis

504 945 623 991 seu
672 928 1113 993 conventibus
1164 930 1227 993 et
1276 929 1582 1013 personis
1626 929 1771 995 aliis
1821 930 2358 1016 quibuscumque
2408 932 2765 999 districtius
2815 933 3215 1007 inhibentes,
3266 953 3351 1000 ne
3403 935 3488 1000 ad

502 1034 790 1119 aliquam
857 1034 1271 1114 electionem,
1323 1035 1868 1102 nominacionem
1942 1039 2475 1121 postulacionem
2549 1058 2666 1105 seu
2740 1040 3196 1125 provisionem
3249 1060 3486 1126 quam-

501 1161 766 1226 cunque
851 1147 1078 1209 contra
1151 1144 1675 1210 reservacionem
1750 1147 2041 1211 nostram
2116 1145 2499 1212 huiusmodi
2573 1147 2929 1231 procedere
2989 1148 3486 1233 quoquomodo

502 1252 889 1333 presumant
937 1269 1011 1316 ac
1059 1250 1488 1317 decernentes
1538 1254 1655 1317 etc.
1709 1302 1722 1317 .
1776 1301 1789 1315 .
1842 1303 1854 1315 .
1906 1253 2301 1338 attemptari.
2395 1253 2574 1319 Nulli
2625 1272 2787 1339 ergo
2837 1257 2957 1320 etc.

707 1356 953 1422 Datum
1002 1355 1333 1423 Avinione
1383 1357 1604 1425 idibus
1653 1358 1989 1425 Februarii
2040 1360 2468 1444 pontificatus
2517 1361 2726 1427 nostri
2776 1380 2832 1427 a.
2883 1361 3203 1429 secundo.

1910 1661 2035 1740 34.

503 1765 637 1820 1344
673 1766 823 1820 Febr.
870 1767 949 1819 14.

496 1854 632 1909 Cod.
670 1853 729 1908 B.
770 1853 859 1908 fol.
906 1855 1197 1910 108—111.

855 2032 1294 2118 Reservacio
1351 2035 1718 2138 generalis
1776 2040 1849 2113 in
1908 2035 2171 2114 Tuscia
2231 2039 2301 2114 et
2357 2040 2759 2138 provinciis
2816 2037 3105 2115 Tuscie.

1066 2156 1421 2238 Clemens
1479 2163 1612 2237 etc.
1725 2157 1851 2237 Ad
1906 2160 2225 2238 futuram
2286 2165 2385 2238 rei
2446 2165 2907 2239 memoriam.

708 2316 1166 2385 Solicitudo
1239 2319 1670 2404 pastoralis
1740 2319 1941 2385 officii
2015 2319 2344 2387 solicitare
2417 2338 2551 2386 non
2624 2319 2867 2386 desinit
2937 2319 3157 2386 studia
3228 2323 3473 2388 mentis

493 2427 739 2503 nostre,
811 2427 881 2490 ut
951 2424 1147 2490 statui
1219 2424 1437 2490 fidelis
1500 2426 1754 2510 populi,
1825 2425 2116 2511 desuper
2182 2445 2333 2493 cure
2403 2431 2627 2493 nostre
2684 2427 3052 2505 commissi,
3123 2428 3474 2512 providere

494 2549 816 2616 prospero
867 2529 1041 2616 (sic),
1092 2534 1409 2616 quantum
1463 2532 1660 2598 nobis
1709 2551 1790 2597 ex
1838 2532 1972 2599 alto
2022 2530 2446 2618 permittitur,
2498 2552 2928 2619 procuremus
3063 2533 3238 2600 Sane
3321 2540 3475 2621 post

492 2639 996 2722 promocionem
1047 2640 1339 2704 nostram
1392 2638 1474 2705 ad
1525 2639 1770 2705 summi
1821 2640 2238 2724 apostolatus
2288 2641 2544 2725 apicem
2595 2640 2677 2706 ad
2722 2640 3137 2707 audienciam
3175 2646 3470 2709 nostram

491 2745 828 2829 perducto,
902 2745 1084 2830 quod
1157 2745 1238 2811 fe.
1313 2764 1397 2811 re.
1467 2745 1814 2812 ,lohannes
1880 2765 2052 2832 papa
2114 2746 2300 2812 XXII.
2351 2747 2785 2832 predecessor
2831 2753 3059 2814 noster
3128 2767 3210 2814 ex
3278 2751 3471 2816 certis

489 2853 706 2919 causis
756 2852 1272 2919 racionabilibus
1321 2852 1747 2938 provisiones
1805 2854 2108 2920 omnium
2171 2855 2737 2939 patriarchalium,
2800 2855 3469 2941 archiepiscopalium

489 2960 973 3045 episcopalium
1051 2963 1114 3026 et
1192 2961 1399 3026 eciam
1482 2961 1925 3045 quarumlibet
2004 2962 2426 3028 ecclesiarum
2497 2962 2996 3046 collegiatarum
3071 2965 3466 3030 secularium

490 3084 750 3132 necnon
815 3068 1260 3146 abbaciarum,
1310 3069 1888 3146 monasteriorum,
1942 3069 2346 3153 prioratuum
2416 3071 2479 3135 et
2548 3069 2828 3135 aliorum
2910 3088 3469 3156 quorumcunque

488 3173 746 3256 piorum
801 3173 1098 3239 locorum
1151 3174 1215 3239 in
1266 3174 1703 3259 patriarchatu
1751 3173 2148 3259 Aquilegen.
2199 3193 2461 3241 necnon
2506 3175 2960 3242 Mediolanen.
3012 3175 3464 3249 Ravennaten.

483 3279 744 3345 Januen
803 3283 867 3346 et
915 3278 1135 3345 pisan.
1186 3280 1542 3365 provinciis
1605 3298 1681 3346 ac
1750 3282 1956 3347 eciam
2030 3283 2326 3366 partibus
2372 3281 2613 3349 Tuscie
2687 3285 3103 3368 preterquam
3167 3283 3252 3351 de
3302 3286 3466 3370 ipsis

486 3386 614 3470 piis
686 3387 850 3454 locis
917 3387 1462 3465 consistencium,
1534 3387 1616 3453 ad
1690 3406 1821 3472 que
1896 3389 2126 3473 prelati
2196 3393 2689 3455 consueverunt
2760 3408 2878 3455 seu
2951 3389 3291 3470 debebant
3352 3410 3467 3477 per

484 3494 875 3560 electionem
949 3494 1221 3571 assumi,
1286 3493 1723 3579 disposicioni
1786 3499 1849 3560 et
1911 3495 2324 3562 ordinacioni
2389 3514 2507 3562 sue
2571 3514 2646 3563 ac
2707 3495 2888 3563 sedis
2946 3498 3318 3582 apostolice
3380 3499 3463 3564 de

483 3600 746 3666 fratrum
819 3619 1091 3667 suorum
1164 3601 1446 3667 consilio
1519 3619 1733 3685 usque
1805 3602 1889 3667 ad
1955 3602 2257 3668 eiusdem
2306 3603 2486 3669 sedis
2535 3603 3027 3688 beneplacitum
3078 3605 3462 3673 auctoritate

483 3708 850 3792 apostolica
900 3707 1274 3785 reservavit,
1309 3707 1673 3773 decernens
1722 3712 1962 3775 extunc
2013 3710 2256 3774 irritum
2290 3712 2407 3774 etc.
2447 3759 2459 3774 .
2514 3760 2527 3773 .
2581 3760 2594 3774 .
2644 3710 3034 3795 attemptari.
3116 3709 3461 3797 Quodque

482 3815 971 3898 subsequenter
1018 3813 1450 3899 predecessor
1497 3814 1641 3899 ipse
1674 3815 1866 3881 certis
1916 3815 2061 3881 aliis
2120 3816 2340 3881 causis
2374 3818 2437 3881 et
2486 3817 2863 3882 racionibus
2914 3819 3158 3895 motus,
3207 3820 3342 3883 tam
3394 3819 3458 3884 in

483 3921 917 4006 patriarchatu
968 3926 1030 3987 et
1075 3920 1527 3987 Mediolanen.
1579 3920 1940 3994 Ravennat.
1989 3921 2273 3988 Januen.
2325 3925 2388 3988 et
2437 3921 2655 3988 Pisan.
2702 3941 2776 3989 ac
2820 3924 3114 4008 partibus
3149 3924 3458 4008 predictis

483 4046 682 4113 quam
747 4029 812 4093 in
873 4027 1159 4095 Graden.
1225 4028 1583 4113 provinciis
1646 4029 1899 4094 similes
1962 4030 2454 4095 reservaciones
2516 4030 2864 4114 generales
2926 4030 3275 4097 biennales
3340 4049 3456 4098 seu

479 4135 883 4219 temporales
930 4152 1079 4200 cum
1131 4135 1367 4200 similis
1416 4134 1931 4219 interposicione
1980 4135 2219 4201 decreti
2269 4135 2438 4214 fecit,
2488 4154 2620 4221 que
2669 4155 2785 4221 per
2831 4156 2983 4203 eum
3034 4137 3117 4202 de
3181 4138 3455 4204 biennio

479 4240 545 4306 in
612 4241 958 4307 biennium
1032 4259 1389 4326 prorogare
1440 4260 1652 4326 usque
1724 4241 1806 4306 ad
1876 4260 2069 4308 suum
2128 4243 2384 4308 obitum
2456 4245 2519 4307 et
2568 4245 2720 4328 post
2768 4244 2974 4309 eciam
3025 4261 3143 4328 per
3189 4246 3455 4330 tempus

478 4346 748 4433 aliquod
807 4348 1205 4414 duraverunt
1270 4350 1333 4412 et
1383 4347 1819 4414 nihilominus
1883 4349 2138 4414 interim
2210 4350 2401 4415 certis
2474 4349 2619 4415 aliis
2668 4350 3185 4416 racionabilibus
3234 4352 3455 4418 causis

479 4458 699 4520 motus
778 4454 1018 4539 pariter
1107 4458 1170 4520 et
1270 4454 1599 4533 inductuS,
1680 4454 1913 4539 plebes
1995 4454 2131 4541 [sic]
2214 4474 2288 4521 ac
2363 4455 2717 4541 collegiata
2796 4459 2861 4522 et
2929 4457 3057 4522 alia
3128 4457 3455 4524 beneficia

476 4560 918 4627 ecclesiastica
980 4561 1335 4646 hospitalia
1397 4564 1461 4626 et
1524 4563 1631 4647 pia
1682 4563 1827 4628 loca
1879 4581 2279 4648 quecunque
2329 4563 2569 4629 Lucan.
2621 4566 2683 4629 et
2731 4562 2951 4630 Pisan.
3001 4564 3343 4630 civitatum
3393 4568 3454 4631 et

475 4667 763 4733 diocesis
835 4667 1274 4752 eiusdemque
1348 4669 1629 4734 civitatis
1706 4667 1926 4735 Pisan.
2005 4670 2356 4748 districtus,
2420 4670 2675 4736 etiamsi
2745 4670 2913 4737 foret
2973 4670 3056 4736 de
3116 4670 3452 4738 Vulteran.

470 4773 767 4840 Massan.
820 4775 1048 4840 Lunen
1113 4777 1177 4840 et
1225 4773 1610 4841 Grossetan.
1677 4775 1871 4854 dioc.,
1934 4795 2065 4860 que
2113 4775 2197 4841 de
2245 4775 2612 4842 collacione
2673 4777 3157 4862 archiepiscopi
3207 4776 3451 4859 pisan„

474 4881 588 4965 qui
638 4884 738 4947 est
785 4900 905 4966 pro
953 4885 1274 4966 tempore,
1310 4900 1447 4947 non
1483 4884 1793 4959 extarent,
1846 4900 2109 4948 necnon
2137 4883 2461 4949 beneficia
2496 4883 2722 4948 omnia
2756 4886 2818 4949 et
2862 4883 3152 4969 singula,
3188 4886 3448 4952 etiamsi

469 4985 767 5073 [sorenty
793 4988 1171 5073 dignitateS,
1195 4991 1592 5073 personatus
1619 4990 1680 5053 et
1706 4988 1923 5054 officia
1951 4989 2272 5073 regularia
2288 4989 2391 5055 vel
2420 4990 2737 5056 secularia
2764 4991 3043 5057 civitatis
3070 4994 3132 5056 et
3158 4991 3450 5059 diocesis

469 5093 923 5160 Mediolanen.
974 5094 1366 5180 Eodemque
1413 5094 1721 5160 Johanne
1770 5113 1945 5180 papa
1994 5096 2162 5161 sicut
2196 5095 2474 5162 domino
2510 5096 2755 5181 placuit
2788 5097 3050 5163 sublato
3086 5097 3169 5163 de
3201 5100 3444 5177 medi0‚

472 5200 599 5284 pie.
650 5219 776 5266 me.
841 5200 1246 5267 Benedictus
1326 5220 1499 5287 papa
1568 5201 1696 5266 ΧΠ.
1770 5201 2206 5286 predecessor
2276 5205 2502 5269 noster
2578 5203 2661 5268 ad
2734 5203 2998 5269 culmen
3070 5206 3443 5289 apostolice

469 5304 808 5390 dignitatis
842 5311 1249 5393 assumptus,
1283 5308 1835 5374 confirmaciones
1872 5309 2173 5374 omnium
2210 5310 2633 5388 electionum,
2664 5328 2834 5394 quas
2869 5311 2952 5376 ad
2985 5329 3445 5397 quascumque
