3688 5825
1674 304 1756 368 27

235 514 507 580 ecclesia
576 513 680 580 vel
750 513 1082 580 beneficio
1153 514 1340 580 sine
1411 533 1638 594 cura,
1712 533 1883 601 quae
1955 515 2198 581 habere
2269 514 2561 581 mallent.
2657 513 2962 581 Omnia
3040 515 3210 581 alia

235 621 662 687 beneficia
710 638 858 686 cum
909 639 1061 687 cura
1094 622 1201 687 vel
1235 622 1379 687 sine
1409 639 1562 688 cura
1597 640 1746 688 cum
1784 622 2116 707 prioribus
2165 621 2865 706 incompatibilia
2915 621 2980 687 in
3030 621 3209 688 dicto

231 728 446 813 capite
492 746 582 793 ex
625 730 814 794 tunc
858 746 1136 795 vacare
1185 728 1629 795 decernuntur
1661 733 1727 796 et
1759 748 1983 796 coram
2019 728 2375 796 Ordinatio
2426 728 2592 794 intra
2626 727 2869 793 dictum
2908 728 3209 795 mensem

230 835 580 903 verbaliter
654 837 719 901 et
797 835 1055 901 realiter
1129 838 1313 904 erant
1390 835 1804 915 dimittenda,
1886 837 2013 903 sub
2092 854 2314 921 poena
2391 835 2782 919 privationis
2864 835 3013 919 ipso
3074 835 3211 902 iure

230 941 662 1009 incurrendae
701 942 868 1009 circa
895 941 1122 1008 omnia
1162 943 1452 1027 praefata
1478 943 1802 1010 beneficia
1831 943 2029 1008 etiam
2059 941 2221 1008 alias
2248 941 2421 1008 licite
2448 941 2884 1008 retinenda—
2903 941 3212 1009 adiuncta

230 1049 645 1117 inhabilitate
715 1048 941 1135 quoad
1013 1049 1255 1116 similia
1329 1049 1562 1115 iterum
1637 1049 2038 1135 recipienda.
2135 1048 2542 1115 Huiusmodi
2605 1049 2840 1115 electio
2910 1048 3212 1116 facienda

228 1158 365 1223 erat
414 1156 611 1222 etiarn
662 1157 745 1222 ab
796 1155 946 1235 illis,
997 1156 1110 1241 qui
1159 1155 1538 1245 dignitateS,
1589 1160 2012 1242 personatus,
2061 1155 2280 1222 officia
2329 1157 2431 1222 vel
2475 1156 2602 1222 alia
2634 1156 2959 1223 beneficia
2993 1159 3213 1224 curata

230 1281 309 1329 ex
343 1263 852 1349 dispensatione
876 1262 1262 1348 Apostolica
1297 1263 1476 1330 iuxta
1510 1263 2040 1330 moderationem
2078 1263 2547 1348 praescriptam
2565 1260 2613 1345 ¹)
2649 1264 2777 1329 iam
2813 1264 3212 1342 obtinenteS,

229 1369 356 1436 alia
406 1370 650 1436 similia
683 1371 1008 1437 beneficia
1041 1371 1271 1455 vigore
1306 1371 1688 1436 Litterarum
1723 1369 2259 1455 Apostolicarum
2311 1370 2901 1454 exspectabant.
2996 1371 3211 1437 Etiam

231 1476 620 1543 huiusmodi
670 1477 1040 1544 beneficiati
1091 1477 1157 1543 in
1206 1496 1385 1556 casu,
1436 1496 1574 1562 quo
1624 1477 1950 1544 beneficia
2001 1477 2084 1543 ab
2134 1477 2263 1542 illis
2312 1477 2408 1543 sic
2441 1478 2820 1562 exspectata
2869 1478 3213 1557 vacabant,

231 1584 399 1650 intra
471 1602 772 1651 mensem
844 1583 1219 1651 debuerunt
1288 1584 1556 1669 eligere,
1629 1602 1801 1668 quae
1872 1584 2200 1651 beneficia
2272 1584 2549 1649 retinere
2620 1583 2914 1661 mallent,
2981 1585 3214 1652 ceteris

230 1690 518 1757 omnino
567 1690 887 1758 dimissis.
2975 1698 2978 1699 ’

448 1849 587 1932 Qui
688 1868 848 1917 vero
950 1851 1138 1936 plura
1245 1851 1567 1918 beneficia
1672 1851 2200 1936 incompatibilia
2294 1852 2438 1917 sine
2532 1851 3037 1937 dispensatione
3129 1854 3213 1919 ab

230 1957 620 2043 Apostolica
692 1956 867 2024 Sede
948 1977 1151 2044 super
1223 1958 1353 2026 hoc
1421 1959 1695 2025 obtenta
1773 1958 1904 2024 iam
1982 1958 2422 2044 possidebant
2491 1959 2658 2024 intra
2722 1977 3022 2025 mensem
3087 1960 3220 2026 sub

232 2066 474 2150 poenis
543 2083 743 2150 supra
814 2065 1026 2132 allatis
1097 2083 1318 2133 coram
1371 2064 1728 2132 Ordinatio
1801 2065 2030 2131 omnia
2100 2064 2425 2131 dimittere
2473 2066 2904 2150 cogebantur,
2978 2063 3213 2133 ultimo

233 2174 536 2258 exceptO,
589 2172 653 2239 in
704 2190 841 2256 quo
877 2171 1006 2238 illis
1041 2191 1121 2238 ex
1154 2172 1512 2241 collatione
1544 2172 1864 2238 canonica
1899 2171 2003 2238 ius
2048 2172 2177 2237 iam
2212 2173 2348 2238 erat
2381 2171 2778 2257 quaesitum.
2874 2171 3216 2240 Praeterea

236 2279 558 2365 deinceps
654 2297 921 2358 omnes,
1015 2278 1406 2364 dignitatem
1499 2280 1604 2345 vel
1698 2281 2131 2364 personatum
2228 2297 2346 2345 seu
2441 2278 2736 2344 officium
2833 2283 2942 2344 aut
3033 2280 3214 2346 aliud

233 2386 635 2452 beneficium
670 2388 962 2452 curatum
998 2388 1324 2465 tenentes,
1373 2404 1490 2472 per
1521 2386 2030 2471 possessionem
2080 2385 2414 2451 secundi
2452 2386 2690 2451 similis
2724 2386 3028 2453 beneficii
3065 2388 3216 2472 ipso

235 2494 370 2560 iure
451 2493 671 2578 priore
743 2495 926 2558 erant
997 2492 1231 2578 privati
1309 2511 1460 2561 cum
1535 2493 1949 2578 obligatione
2020 2491 2393 2558 dimittendi
2468 2492 2628 2558 illud
2678 2493 2822 2559 sine
2892 2512 3076 2560 mora
3150 2495 3214 2560 in

235 2600 549 2667 manibus
599 2598 933 2668 Ordinarii
979 2638 1069 2646 —
1115 2600 1278 2666 alias
1328 2602 1611 2685 utroque
1683 2600 2014 2667 beneficio
2087 2599 2237 2686 ipso
2309 2600 2447 2666 iure
2516 2601 2826 2666 carebant
2893 2603 2958 2666 et
3017 2603 3214 2668 etiam

234 2707 314 2773 ad
351 2705 593 2774 Sacros
642 2706 1114 2791 suscipiendos
1150 2704 1441 2775 Ordines
1490 2710 1553 2773 et
1601 2707 1682 2773 ad
1735 2707 2213 2793 quodcumque
2260 2706 2662 2773 beneficium
2700 2707 3213 2775 ecclesiasticum

234 2813 567 2881 inhabiles
645 2812 1164 2880 declarabantur.
1260 2811 1569 2880 Ceterum
1650 2814 1715 2880 in
1793 2815 1929 2881 tine
2008 2814 2164 2880 dicti
2242 2815 2476 2900 capitis
2555 2817 2926 2900 sequuntur
3017 2817 3215 2882 verba

234 2921 665 3006 gravissima:
781 2921 1052 3002 „Quae
1160 2922 1425 2991 omnia
1531 2923 1605 2987 et
1711 2921 2033 3007 singula
2140 2921 2535 2988 beneficia
2637 2925 3036 3001 vacatura,
3140 2926 3217 2988 ut

237 3028 800 3115 praemittitur,
848 3028 974 3094 vel
1024 3028 1360 3094 dimissa
1394 3032 1716 3095 nostrae
1761 3031 1833 3093 et
1865 3026 2090 3094 Sedis
2124 3027 2639 3114 Apostolicae
2684 3028 3214 3116 dispositioni

237 3136 317 3202 de
367 3136 669 3221 ipsorum
717 3134 984 3200 fratrum
1027 3135 1312 3201 consilio
1363 3143 1930 3201 reservamus.“
2030 3135 2342 3220 Denique
2385 3136 2683 3201 locorum
2720 3134 3091 3204 Ordinariis
3126 3155 3214 3202 sc.

240 3242 596 3329 Episcopis
641 3241 747 3308 vel
794 3240 955 3308 sede
984 3243 1260 3307 vacante
1293 3241 1597 3327 capitulis
1632 3240 1993 3307 earundem
2029 3241 2462 3321 dioecesium,
2513 3242 2579 3307 in
2616 3243 2862 3328 quibus
2897 3243 3217 3309 beneficia

240 3348 629 3418 huiusmodi
734 3347 1124 3414 dimittenda
1230 3348 1684 3415 consistebant
1775 3349 1882 3415 vel
1975 3349 2104 3434 ipsi
2210 3349 2584 3415 beneficiati
2678 3349 2787 3415 illa
2880 3349 3215 3415 dimissuri

242 3457 847 3533 commorabantur,
898 3455 1371 3540 iniungebatur
1417 3473 1613 3535 onuS,
1663 3455 1747 3521 de
1795 3456 2142 3522 beneficiis
2191 3459 2321 3521 tam
2359 3455 2656 3522 dimissis
2691 3474 2892 3540 quam
2944 3456 3217 3541 perditis

243 3562 571 3629 indilate
651 3580 876 3648 quam
957 3562 1286 3648 primum
1366 3562 1783 3628 commode
1863 3562 2036 3627 fieri
2116 3564 2466 3648 potuerit
2545 3561 2846 3629 mittendi
2914 3562 3214 3629 notitiam

243 3670 322 3736 ab
372 3668 641 3736 Curiam
692 3668 1084 3741 Romanam.

449 3830 743 3897 Nomine
816 3847 973 3896 vero
1055 3828 1533 3895 beneficiorum
1604 3832 2047 3896 curatorum
2121 3830 2185 3895 in
2268 3831 2397 3896 hoc
2473 3831 2687 3915 capite
2760 3830 3220 3915 intelliguntur

242 3937 821 4025 parochialia,
870 3937 935 4001 in
987 3935 1233 4021 quibus
1282 3954 1434 4002 cura
1484 3954 1622 4001 non
1673 3953 1791 4020 per
1859 3937 2141 4002 vicarios
2190 3939 2549 4021 perpetuos
2599 3936 2717 4003 sed
2770 3955 2886 4022 per
2932 3939 3217 4003 rectores

240 4049 350 4113 aut
384 4045 726 4111 ministros
759 4042 1240 4109 beneficiorum
1276 4043 1574 4127 ipsorum
1620 4043 1725 4108 vel
1758 4060 1989 4109 eorum
2024 4043 2428 4127 temporales
2459 4043 2740 4109 vicarios
2774 4043 3216 4122 exercebatur,

240 4154 340 4220 vel
390 4152 502 4218 illa
564 4150 908 4228 beneficia,
974 4168 1257 4235 quorum
1308 4149 1628 4215 ministris
1690 4149 1752 4215 vi
1802 4149 2004 4216 officii
2062 4151 2485 4234 competebat
2533 4149 2816 4228 visitare,
2866 4150 3216 4235 inquirere,

243 4259 746 4347 procurationes
794 4257 1107 4342 recipere,
1180 4256 1614 4341 suspendere,
1688 4255 2263 4322 excommunicare
2334 4275 2452 4322 seu
2501 4257 2585 4323 ab
2635 4256 2870 4322 iisdem
2921 4258 3217 4323 censuris

242 4367 611 4435 absolvere.

456 4526 651 4607 Quae
729 4525 1155 4592 celeberrima
1234 4522 1620 4589 constitutio
1701 4541 1902 4608 quam
1984 4523 2253 4589 maximi
2333 4524 2653 4590 momenti
2744 4524 2935 4589 fuerit
3028 4523 3219 4591 dictis

244 4634 662 4721 temporibus
711 4633 778 4698 in
828 4630 1368 4699 administrandis
1417 4630 1762 4696 beneficiis
1828 4630 2218 4697 universalis
2266 4631 2601 4697 Ecclesiae
2657 4630 2848 4697 facile
2897 4631 3219 4716 cognosci

245 4745 494 4827 potest,
591 4740 647 4805 si
739 4742 893 4807 ante
985 4739 1223 4807 oculos
1316 4736 1678 4816 habemuS,
1783 4755 1984 4822 quam
2091 4738 2328 4823 ingens
2422 4755 2738 4804 numerus
2831 4738 3218 4804 huiusmodi

245 4848 719 4916 beneficiorum
790 4846 855 4912 vi
928 4846 1080 4913 dicti
1152 4843 1388 4930 capitis
1455 4844 1595 4910 sive
1666 4862 1746 4909 ex
1816 4843 2185 4928 pluralitate
2257 4845 2397 4910 sive
2447 4863 2528 4910 ex
2584 4844 2804 4910 illicita
2852 4844 3219 4910 retentione

245 4954 720 5022 beneficiorum
826 4971 980 5019 uno
1092 4951 1532 5035 eodemque
1631 4954 1985 5034 tempore
2088 4951 2164 5015 in
2277 4969 2760 5036 unaquaque
2862 4949 3216 5017 dioecesi

245 5061 620 5130 vacaverint
673 5060 923 5147 „apud
975 5058 1256 5126 Sedem
1304 5056 1933 5143 Apostolicam“.

364 5348 413 5418 ²)
453 5344 543 5401 Sc.
583 5358 752 5399 unum
790 5345 1029 5398 curatum
1068 5342 1394 5398 beneficium
1434 5356 1557 5396 cum
1596 5342 1763 5395 altero
1801 5341 1920 5393 sine
1958 5356 2097 5396 cura.
