3688 5825
1957 304 2041 364 68

719 511 917 593 Sane,
968 513 1125 598 quia
1175 510 1405 578 ultime
1441 511 1945 597 prorogacionis
1993 511 2493 591 reservacioniS,
2530 529 2646 596 per
2690 529 2817 577 nos
2851 509 2934 576 de
2967 509 3159 577 dictis
3192 510 3503 578 ecclesiis

504 620 692 697 facte,
758 620 1081 686 terminus
1132 621 1232 685 est
1302 619 1368 684 in
1419 618 1521 702 Kl,
1570 617 1816 703 Aprilis
1863 619 2099 684 futuris
2170 618 2470 703 proxime
2537 617 3015 696 terminanduS,
3087 636 3213 684 nos
3276 617 3504 684 adhuc

506 726 773 813 prefatis
870 726 1032 792 moti
1112 725 1773 792 consideracionibus
1853 728 1916 791 et
1996 725 2264 803 inducti,
2361 725 2910 803 reservacionem,
3007 725 3495 791 inhibicionem

505 834 581 900 ac
674 833 1011 900 decretum
1122 832 1410 919 predicta
1522 850 1737 916 usque
1830 831 1914 897 ad
2008 831 2353 898 biennium
2446 832 2531 898 ab
2619 831 2872 898 eisdem
2954 831 3053 902 ΚΙ.
3135 832 3201 896 in
3295 836 3499 898 antea

505 940 1015 1018 numerandum,
1066 939 1271 1006 modo
1322 943 1384 1005 et
1453 938 1665 1004 forma
1736 938 2070 1023 expressis
2138 939 2467 1023 superius,
2530 938 2913 1005 auctoritate
2964 937 3210 1023 prelata
3259 942 3498 1005 tenore

506 1047 925 1132 presencium
978 1046 1403 1113 extendimus
1452 1048 1516 1111 et
1563 1046 1773 1111 eciam
1824 1063 2286 1130 prorogamus.
2380 1044 2559 1110 Nulli
2611 1063 2770 1126 ergo
2821 1048 2941 1111 etc.

718 1171 962 1237 Datum
1023 1170 1354 1237 Avinione
1412 1169 1489 1235 V.
1540 1170 1667 1235 kal.
1729 1168 1974 1254 Aprilis
2024 1169 2450 1254 pontificatus
2501 1170 2708 1235 nostri
2758 1189 2815 1235 a.
2867 1168 3129 1236 decimo
3179 1171 3495 1256 septimo.

713 1297 778 1361 ln
840 1295 1080 1361 eodem
1147 1294 1352 1360 modo
1416 1295 1480 1360 in
1539 1293 1994 1361 Mediolanen.
2059 1294 2466 1372 civitatibus,
2529 1293 2916 1360 diocesibus
2980 1297 3043 1359 et
3105 1296 3494 1379 provinciis.

1429 1428 1452 1458 ε
1530 1400 1929 1486 Aquilegen.

1428 1538 1451 1560 ε
1529 1507 1812 1573 Januen.

1431 1641 1453 1671 =
1533 1613 1754 1680 pisan.

1431 1751 1453 1775 ι
1534 1720 1985 1794 Ravennaten.

1947 2022 2062 2102 15.

509 2149 644 2205 1329
681 2149 812 2204 Dec,
852 2149 937 2205 31.

505 2238 641 2294 Cod.
681 2239 740 2293 B.
780 2238 871 2293 fol.
910 2238 1137 2293 72-73,

503 2434 885 2521 Restrictio
946 2441 1540 2515 reservacionum
1601 2440 1674 2513 in
1714 2435 1979 2514 Tuscia
2020 2438 2092 2513 et
2129 2437 2338 2514 terris
2378 2433 2714 2520 Romane
2755 2436 3060 2516 ecclesie
3110 2438 3482 2517 subiectis.

1420 2592 1425 2596 ⁴
1490 2594 1612 2674 Ad
1667 2597 1985 2674 futuram
2050 2600 2512 2674 memoriam.

710 2757 1036 2824 Dudum
1111 2756 1205 2822 ad
1271 2756 1657 2842 statum1)
1730 2754 2080 2840 pacificum
2146 2756 2210 2820 et
2271 2755 2698 2840 tranquillum
2764 2756 3055 2840 parcium
3121 2755 3362 2823 Tuscie
3425 2762 3486 2824 et

501 2868 812 2933 terrarum
905 2863 989 2932 ad
1081 2882 1208 2930 nos
1287 2866 1350 2929 et
1428 2861 1796 2936 Romanam
1877 2862 2225 2929 ecclesiam
2322 2863 2774 2949 spectancium
2871 2863 3148 2931 solicitis
3244 2864 3484 2931 studiis

503 2973 924 3039 intendentes
973 2987 1048 3037 ac
1088 2965 1440 3057 'cupientes
1511 2970 1848 3047 attentius,
1922 2968 2105 3053 quod
2177 2969 2779 3056 archiepiscopales
2829 2973 2892 3036 et
2938 2971 3362 3057 episcopales
3411 2991 3486 3038 ac

501 3080 851 3164 collegiate
943 3078 1219 3145 ecclesie
1313 3095 1574 3143 necnon
1669 3076 1975 3153 abbacie,
2071 3078 2503 3156 monasteria,
2583 3078 2911 3162 prioratus
2991 3081 3054 3143 et
3132 3078 3260 3144 alia
3338 3079 3484 3146 loca

503 3186 943 3252 ecclesiastica
994 3201 1414 3270 quecunque,
1464 3183 1781 3249 secularia
1832 3184 1897 3247 et
1945 3182 2290 3267 regularia,
2363 3186 2670 3269 exempta
2717 3187 2783 3249 et
2831 3203 2968 3250 non
3017 3188 3349 3270 exempta,
3399 3182 3482 3251 ad

504 3310 786 3377 quorum
859 3292 1184 3376 regimina
1233 3309 1351 3377 per
1404 3290 1799 3356 electionem
1873 3289 2102 3374 prelati
2173 3292 2668 3356 consueuerunt
2738 3292 3014 3370 assumi,
3085 3291 3151 3356 in
3225 3291 3479 3358 eisdem

503 3399 800 3483 partibus
856 3417 931 3464 ac
986 3399 1170 3464 terris
1225 3395 1691 3475 consistencia,
1763 3396 2146 3480 ubicunque
2196 3396 2366 3463 dicte
2413 3400 2580 3463 terre
2628 3397 3086 3477 consisterent,
3134 3416 3286 3464 cum
3337 3399 3482 3464 illas

502 3524 620 3571 seu
689 3505 797 3571 illa
870 3523 989 3590 pro
1059 3508 1361 3588 tempore
1424 3521 1542 3589 per
1600 3519 1864 3568 cessum
1929 3504 2032 3568 vel
2082 3501 2431 3569 decessum
2483 3522 2599 3569 seu
2648 3504 2812 3570 alias
2863 3503 3480 3590 quomodocunque

502 3616 843 3697 pastorum
892 3611 996 3676 vel
1047 3610 1654 3676 administratorum
1724 3609 2047 3694 regimine
2115 3626 2334 3708 carere
2405 3611 2837 3695 contingeret,
2888 3610 3196 3700 personis
3247 3629 3478 3696 pacem

501 3719 899 3796 amantibuS,
994 3717 1192 3783 nobis
1262 3720 1326 3782 et
1395 3716 1615 3782 eidem
1688 3716 1967 3781 ecclesie
2060 3714 2359 3787 Romane
2428 3716 2742 3783 fidelibus
2830 3722 2895 3783 et
2964 3717 3128 3784 alias
3191 3718 3480 3804 ydoneis

500 3826 725 3890 nostre
795 3823 1302 3909 cooperacionis
1374 3822 1743 3888 ministerio
1821 3822 2404 3900 committerentur,
2484 3823 2935 3907 provisionem
3033 3825 3340 3891 omnium
3420 3829 3479 3891 et

499 3932 912 4016 singularum
968 3928 1661 4014 archiepiscopalium,
1703 3927 2209 4013 episcopalium,
2263 3929 2676 4015 aliarumque
2723 3930 3224 4016 collegiatarum
3276 3932 3477 3998 eccle·

500 4038 744 4104 siarum
806 4055 1067 4103 necnon
1127 4035 1573 4108 abbaciarum,
1625 4034 2204 4113 monasteriorum,
2255 4035 2664 4120 prioratuum
2723 4041 2787 4103 et
2843 4038 3125 4105 aliorum
3174 4034 3477 4105 locorum

502 4144 1097 4211 ecclesiasticorum
1150 4142 1602 4227 quorumlibet
1650 4140 2119 4226 predictorum,
2171 4142 2689 4209 consistencium
2740 4144 2806 4209 in
2861 4144 3158 4230 partibus
3193 4148 3261 4210 et
3293 4146 3480 4212 terris

499 4250 811 4336 predictis
889 4251 1046 4315 tunc
1121 4249 1506 4315 vacancium
1587 4249 1652 4313 et
1729 4249 2182 4314 vacaturarum
2262 4249 2327 4314 in
2407 4253 2622 4329 antea,
2703 4251 2967 4335 quoties
3044 4269 3159 4317 eas
3232 4254 3339 4319 vel
3405 4272 3479 4319 ea

500 4375 904 4444 quocunque
953 4356 1158 4423 modo
1216 4374 1447 4422 vacare
1495 4354 1913 4439 contingeret
1970 4358 2080 4420 aut
2151 4356 2443 4441 aliquam
2509 4375 2626 4423 seu
2698 4357 3044 4443 aliquod2)
3107 4360 3476 4427 eorundem

498 4464 938 4550 disposicioni
1007 4467 1232 4530 nostre
1301 4464 1364 4528 et
1411 4461 1592 4529 sedis
1665 4461 2033 4546 apostolice
2106 4480 2322 4546 usque
2390 4464 2474 4530 ad
2546 4466 2845 4530 nostrum
2896 4467 2961 4530 et
3009 4465 3224 4550 ipsius
3297 4467 3477 4533 sedis

497 4571 987 4657 beneplacitum
1061 4570 1542 4636 reservavimus
1613 4568 1696 4634 de
1767 4567 2137 4654 apostolice
2188 4570 2602 4655 plenitudine
2669 4573 3476 4657 potestatis,.auctoritate

498 4678 866 4764 apostolica
915 4677 1241 4743 universis
1291 4675 1739 4753 ecclesiarum,
1801 4676 2247 4754 abbaciarum,
2312 4678 2888 4756 monasteriorum,
2952 4679 3366 4763 prioratuum
3417 4683 3479 4748 et

497 4785 783 4852 aliorum
804 4783 1099 4850 locorum
1127 4782 1726 4850 ecclesiasticorum
1756 4782 2209 4866 quorumlibet
2243 4784 2686 4869 predictorum
2720 4786 3029 4871 capitulis
3055 4788 3119 4852 et
3145 4787 3475 4874 collegiis,

494 4891 936 4959 conventibus
1002 4894 1065 4957 et
1135 4889 1443 4975 personis
1515 4889 1874 4955 districtius
1947 4889 2349 4970 inhibentes,
2422 4910 2507 4957 ne
2579 4893 2644 4957 in
2718 4892 2974 4959 eisdem
3034 4892 3117 4958 ad
3176 4893 3473 4979 aliquam

496 4999 911 5077 electionem,
961 4997 1505 5064 nominacionem
1554 4996 1658 5061 vel
1709 4996 2241 5081 postulacionem
2294 5015 2410 5063 seu
2461 4999 2917 5083 provisionem
2976 5018 3472 5086 quamcunque,

495 5107 549 5172 si
600 5105 979 5172 vacacionis
1040 5108 1307 5189 tempus
1358 5104 1423 5169 in
1473 5103 1571 5169 eis
1620 5103 1723 5168 vel
1818 5102 2041 5186 aliqua
2091 5121 2209 5169 seu
2259 5104 2486 5189 aliquo
2536 5123 2617 5171 ex
2665 5105 2919 5172 eisdem
2991 5108 3148 5174 tunc
3196 5107 3473 5176 forsitan

496 5213 887 5279 imminebat
908 5212 1011 5276 vel
1042 5211 1107 5276 in
1135 5213 1476 5295 posterum
1514 5210 1909 5287 immineret,
1944 5209 2379 5293 procederent
2413 5212 2904 5296 quoquomodo
2937 5232 3013 5279 ac
3050 5213 3472 5282 decernimus

494 5322 733 5387 extunc
804 5319 1052 5384 irritum
1126 5319 1191 5383 et
1250 5318 1469 5396 inane,
1552 5315 1957 5400 quidquid-⁹»)
2035 5319 2262 5384 contra
2342 5318 2728 5385 huiusmodi
2811 5321 3340 5388 reservacionem
3413 5328 3472 5389 et
