3688 5825
1626 337 1705 397 77

180 561 298 609 seu
367 542 904 622 distribucioneS,
976 546 1340 628 proventus
1412 546 1478 609 et
1563 543 1929 629 redditus⁷)
2008 542 2429 628 singulorum
2507 543 3019 609 canonicatuum
3097 545 3163 608 et

178 650 666 735 prebendarum
769 649 1088 715 dictarum
1161 650 1584 716 ecclesiarum
1656 650 1856 715 taxati
1928 650 2011 716 ad
2083 650 2411 717 decimam
2483 649 2661 715 iuxta
2740 649 3159 716 taxacionem

178 756 569 824 huiusmodi
605 756 710 822 vel
754 755 1123 823 secundum
1171 757 1628 841 quantitatem,
1678 775 1810 841 que
1844 759 1947 822 est
1981 776 2100 842 pro
2150 756 2279 823 illis
2314 757 2632 822 hactenus
2681 756 2967 842 persolvi
3009 754 3161 841 (sic)

180 882 302 949 pro
400 863 659 930 decima
738 865 1075 942 consueta,
1170 882 1598 949 nequaquam
1677 863 2000 930 excedant
2077 882 2376 930 summas
2446 866 2831 942 contentas,
2937 862 3163 947 quoad

178 970 508 1038 beneficia
602 952 1071 1038 ecclesiastica*
1136 989 1287 1037 cum
1381 990 1534 1038 cura
1635 971 1741 1037 vel
1819 970 1966 1037 sine
2041 962 2203 1037 'cura
2283 970 2350 1035 in
2427 969 2657 1035 litteris
2749 968 3161 1054 apostoliciS,

179 1078 478 1144 obtentis
550 1078 616 1143 in
695 1077 905 1143 forma
985 1077 1352 1144 secundum
1427 1096 1628 1162 quam
1703 1096 1823 1162 pro
1897 1078 2306 1164 pauperibus
2376 1076 2629 1143 clericis
2677 1075 3163 1143 beneficiandis

180 1183 515 1250 interdum
551 1184 723 1250 dicta
758 1184 953 1250 sedes
1003 1185 1287 1251 scribere
1321 1185 1690 1262 consuevit,
1739 1188 1965 1251 tamen
1997 1184 2218 1270 grossi
2251 1184 2498 1251 fructus
2531 1186 2596 1250 et
2628 1182 3161 1262 distribucioneS,

181 1295 551 1377 proventus
614 1294 679 1357 et
740 1290 1035 1357 redditus
1106 1291 1516 1371 huiusmodi,
1589 1292 1787 1357 taxati
1864 1294 1928 1357 et
1998 1310 2137 1358 non
2206 1291 2428 1370 taxati,
2478 1290 2751 1356 insimul
2798 1290 3164 1375 computati

179 1416 445 1466 necnon
550 1397 818 1478 fructuS,
912 1398 1210 1464 redditus
1318 1402 1384 1465 et
1487 1401 1850 1484 proventus
1945 1417 2020 1465 ac
2124 1397 2652 1465 destribuciones
2745 1396 3163 1482 singulorum

181 1506 700 1572 canonicatuum
780 1507 846 1571 et
923 1505 1411 1591 prebendarum
1486 1505 1802 1572 dictarum
1863 1505 2311 1584 ecclesiarum,
2391 1505 2458 1571 in
2537 1504 2783 1591 quibus
2864 1503 3163 1588 ipsorum

183 1612 592 1699 particularis
641 1613 897 1679 taxacio
947 1631 1084 1679 non
1156 1612 1478 1680 habeatur
1524 1612 1606 1678 ad
1656 1611 2008 1691 decimam,
2072 1614 2142 1677 ut
2189 1610 2585 1697 prefertur,8)
2657 1609 2843 1696 quod
2915 1609 3164 1695 singuli

181 1720 488 1787 canonici
539 1719 916 1805 percipiunt
963 1720 1307 1785 annuatim
1372 1719 1701 1805 predictas
1773 1738 2073 1786 summas
2122 1718 2491 1786 secundum
2542 1716 3041 1783 distinctionem
3082 1715 3165 1782 de

182 1826 427 1893 curatis
462 1829 528 1893 et
560 1845 697 1893 non
732 1827 973 1893 curatis
1008 1826 1353 1893 beneficiis
1390 1827 1454 1892 in
1505 1826 1734 1892 litteris
1771 1826 1940 1913 ipsis
1973 1826 2346 1912 expresse9)
2381 1825 2695 1892 excedere
2730 1824 3170 1891 dinoscuntur

182 1936 245 2001 et
301 1932 491 2018 quod
556 1934 988 2018 impetrantes
1069 1933 1314 1999 litteras
1337 1932 1415 2019 ¹⁰)
1509 1933 1576 1998 in
1669 1933 1884 1999 forma
1963 1933 2290 2019 premissa
2360 1932 2442 1998 de
2521 1929 3027 1998 canonicatibus
3105 1933 3169 1996 et

184 2039 553 2126 prebendis
624 2040 689 2106 in
763 2040 1062 2107 ecclesiis
1113 2041 1279 2126 ipsis
1330 2059 1449 2126 pro
1497 2043 1799 2126 tempore
1849 2040 2239 2107 vacantibus
2289 2058 2587 2106 summas
2636 2037 2906 2105 easdem
2954 2037 3170 2103 taliter

184 2147 666 2214 excedentibus
738 2147 864 2213 sibi
936 2147 1231 2214 fecerunt
1278 2150 1342 2214 et
1389 2147 1636 2215 iaciunt
1707 2166 1824 2233 per
1871 2147 2142 2214 easdem
2194 2147 2440 2213 litteras
2487 2144 2842 2231 provideri,
2902 2145 3191 2229 propter.

185 2254 372 2340 quod
425 2254 750 2321 nonnulla
785 2254 1010 2334 dubia,
1061 2255 1231 2334 lites,
1266 2255 1729 2322 dissensiones
1764 2258 1828 2321 et
1861 2254 2309 2321 controversie
2344 2255 2500 2319 sunt
2531 2254 2777 2319 exorta.
2848 2250 3167 2318 Volentes

185 2362 389 2448 igitur
438 2379 639 2447 super
686 2361 816 2427 hiis
865 2361 1089 2428 licium
1140 2364 1205 2428 et
1238 2362 1596 2428 dubietatis
1641 2361 1996 2428 cuiuslibet
2030 2361 2371 2426 materiam
2407 2361 2749 2445 amputare
2783 2357 3166 2425 auctoritate

183 2469 560 2555 apostolica
592 2469 881 2554 presenti
907 2469 983 2553 ¹0)
1010 2470 1498 2536 constitucione
1533 2468 1900 2548 sanximus,
1946 2471 2014 2533 ut
2046 2468 2206 2533 nulli
2243 2486 2322 2534 ex
2355 2467 2472 2547 eis,
2508 2466 2622 2551 qui
2659 2466 3170 2550 impetraverunt

185 2578 514 2644 hactenus
579 2577 682 2643 vel
756 2576 822 2641 in
894 2578 1234 2660 posterum
1310 2576 1758 2661 impetrabunt
1827 2594 1865 2641 a
1937 2574 2182 2660 prefata
2253 2573 2413 2642 sede
2495 2572 2739 2638 litteras
2819 2572 2885 2636 in
2956 2571 3168 2637 forma

186 2683 504 2770 predicta,
576 2683 659 2750 ad
725 2684 1159 2750 canonicatus
1231 2685 1296 2749 et
1344 2681 1720 2768 prebendas
1770 2681 2195 2748 ecclesiarum
2246 2681 2562 2766 ipsarum,
2612 2695 2898 2766 quorum
2947 2676 3168 2763 grossi

187 2792 461 2869 fructuS,
534 2790 1069 2870 distribucioneS,
1145 2789 1441 2856 redditus
1504 2791 1569 2855 et
1625 2790 1992 2874 proventus
2041 2787 2251 2854 dictas
2324 2804 2644 2864 summas,
2715 2786 2785 2850 ut
2832 2784 3169 2870 prefertur,

188 2897 535 2976 excedant,
608 2897 1120 2982 quomodolibet
1191 2896 1621 2963 admittantur
1706 2897 1772 2962 et
1842 2894 2027 2981 quod
2123 2893 2510 2961 huiusmodi
2605 2892 2813 2959 littere
2907 2909 3168 2959 necnon

188 3023 552 3091 processus
600 3005 984 3071 auctoritate
1021 3022 1244 3070 earum
1269 3001 1348 3085 l¹)
1398 3003 1602 3069 habiti
1653 3004 1715 3068 et
1763 3002 2052 3069 habendi
2098 3001 2181 3067 ad
2224 3001 2655 3068 canonicatus
2703 3001 2766 3066 et
2796 2998 3170 3085 prebendas

189 3113 473 3179 eosdem
532 3113 908 3178 nullatenus
980 3111 1433 3178 extendantur.
1547 3110 1933 3176 Presentem
2006 3110 2561 3176 constitucionem
2613 3108 2820 3173 eciam
2869 3105 2954 3173 ad
3001 3106 3171 3185 lites,

190 3238 432 3286 causas
503 3223 566 3285 et
634 3219 917 3303 negocia
988 3220 1129 3285 sive
1201 3236 1319 3304 per
1387 3218 1888 3303 appellaciones
1957 3217 2061 3282 vel
2133 3216 2297 3282 alias
2367 3213 2821 3300 quovismodo
2892 3225 2957 3279 et
3027 3212 3171 3278 ubi-

190 3345 461 3412 cunque
552 3326 1028 3410 premissorum
1116 3325 1471 3392 occasione
1545 3324 1816 3391 suborta
1887 3326 1952 3389 et
2042 3322 2415 3407 pendencia
2491 3323 2796 3389 volentes
2883 3318 3172 3398 extendi,

192 3453 310 3520 per
356 3434 915 3500 constitucionem
967 3435 1187 3499 autem
1259 3431 1649 3498 huiusmodi
1722 3431 1840 3510 εἰς,
1914 3430 2029 3514 qui
2105 3430 2169 3495 in
2242 3430 2414 3495 dicta
2485 3428 2698 3495 forma
2767 3428 3034 3506 litteraS,
3106 3428 3174 3491 ut

193 3542 560 3626 premittur,
609 3540 1041 3625 impetrarunt
1118 3542 1181 3605 et
1251 3558 1368 3624 per
1444 3557 1557 3604 eas
1607 3542 1762 3604 sunt
1809 3537 2242 3603 canonicatus
2291 3538 2357 3601 et
2404 3535 2780 3621 prebendas
2815 3535 2880 3601 in
2916 3532 3171 3599 eisdem

192 3648 494 3715 ecclesiis
544 3647 818 3732 pacifice
852 3646 1137 3712 assecuti
1189 3647 1252 3711 et
1300 3645 1431 3711 illis
1503 3645 1712 3711 eciam
1755 3644 1903 3728 ·qui
1975 3643 2276 3708 nondum
2351 3645 2506 3709 sunt
2576 3643 2868 3728 ipsarum
2941 3641 3171 3726 vigore

194 3755 523 3822 beneficia
593 3754 900 3831 assecuti,
951 3752 1175 3837 quoad
1227 3752 1333 3818 illa
1358 3753 1435 3839 l2)
1485 3751 1831 3829 beneficia,
1891 3750 1989 3815 eis
2023 3768 2140 3835 per
2171 3749 2379 3816 dictas
2412 3750 2657 3816 litteras
2690 3747 3171 3833 competencia,

195 3864 454 3929 nullum
528 3861 841 3928 volumus
914 3859 1352 3946 preiudicium
1427 3858 1749 3944 generari.
1844 3856 2298 3923 Decementes
2364 3857 2620 3922 irritum
2691 3859 2755 3922 et
2803 3855 3001 3920 inane
3050 3856 3170 3920 etc.

410 3987 656 4053 Datum
708 3985 1038 4051 Avinione
1085 3985 1162 4050 X.
1213 3985 1340 4050 kal.
1391 3983 1792 4050 Novembris
1842 3980 2269 4067 pontificatus
2319 3981 2525 4048 nostri
2574 4000 2631 4047 a.
2683 3981 2992 4066 septimo.

328 4237 364 4269 ’ἓ
405 4237 554 4291 Haec
591 4237 901 4290 constitutio
939 4234 1084 4305 apud
1124 4234 1358 4288 Daumet
1396 4234 1429 4288 1.
1470 4249 1512 4287 c.
1541 4231 1612 4287 n⁰
1648 4230 1751 4287 896
1789 4229 2057 4300 publicata
2097 4232 2179 4285 est
2215 4246 2246 4284 e
2283 4223 2540 4293 Registn's
2577 4221 2866 4291 Vaticanis,
2908 4228 3010 4281 hoc
3051 4226 3175 4281 loco

196 4343 317 4381 cum
356 4325 742 4380 variatiznibus
780 4327 1069 4393 apponitur
1106 4323 1405 4378 secundum
1446 4325 1649 4377 textum
1690 4319 1956 4375 Codicum
1995 4317 2054 4373 B.
2095 4322 2148 4374 et
2185 4319 2249 4374 V.

327 4419 368 4484 Ι)
408 4416 542 4469 haec
579 4414 743 4468 verba
784 4415 980 4469 desunt
1016 4415 1068 4466 in
1111 4412 1239 4483 Reg.
1284 4412 1406 4467 Vat.

321 4504 370 4574 ἲ)
411 4518 767 4572 requaquam:
808 4503 871 4558 V.

322 4594 371 4662 ⁸)
411 4594 682 4663 plerisque
719 4593 861 4646 aliis:
902 4592 1031 4662 Reg.
1074 4591 1139 4645 V.

319 4683 371 4753 4)
410 4682 613 4737 fructus
650 4684 825 4753 grossi
866 4682 934 4735 ad
974 4680 1268 4735 decimam:
1310 4680 1440 4751 Reg.
1486 4679 1601 4734 Vat.

323 4770 373 4841 ⁵)
413 4772 663 4826 habetur:
703 4770 833 4841 Reg.
873 4770 1002 4833 Vat;
1042 4769 1106 4823 V.

323 4862 373 4928 ⁶)
410 4860 615 4915 fructus
653 4862 852 4931 grossi:
895 4859 1022 4929 Reg.
1064 4858 1185 4913 Vat.

327 4951 373 5019 7)
414 4951 593 5004 deest:
635 4949 700 5003 V.
1548 5005 1557 5015 ‚

322 5039 371 5108 ⁸)
411 5041 472 5094 ut
508 5038 781 5108 prefertur,
820 5037 888 5091 ad
926 5038 1191 5092 decimam
1230 5051 1338 5090 non
1379 5035 1622 5100 habetur,
1662 5049 1824 5104 quos:
1866 5033 1994 5104 Reg.
2035 5035 2156 5089 Vat.

325 5131 370 5198 9)
411 5143 748 5198 expressam:
789 5127 918 5198 Reg.
957 5126 1076 5179 Vat.

298 5217 362 5288 ¹⁰)
405 5219 585 5272 deest:
626 5216 689 5270 V.

296 5308 370 5378 ¹¹)
409 5321 592 5361 earum
631 5306 967 5359 auctoritate:
1010 5302 1140 5374 Reg.
1180 5303 1300 5356 Vat.

301 5397 368 5467 ¹²)
408 5398 534 5452 alia:
575 5394 705 5466 Reg.
743 5394 864 5448 Vat.
