3688 5825
1957 303 2044 364 44

496 510 1160 578 contradictarum
1285 513 1356 577 et
1477 508 1767 579 Palatii
1890 509 2344 597 Apostolici
2459 529 2871 578 causarum
2998 509 3493 589 auditorum,

497 621 1026 685 correctorum
1100 621 1177 684 et
1248 617 1725 703 scriptorum
1800 618 2273 685 Litterarum
2345 616 2988 703 Apostolicarum
3059 620 3130 684 et
3200 616 3490 684 Poeni-

496 726 919 792 tentiariae
1009 724 1531 810 Apostolicae
1624 743 1935 792 necnon
2041 726 2726 804 abbreviatorum,
2828 724 3488 791 commensalium

498 836 571 899 et
663 834 993 900 aliorum
1091 850 1754 918 quorumcunque
1834 833 2428 918 capellanorum
2511 832 2743 899 Sedis
2819 830 3335 917 Apostolicae
3416 835 3493 898 et

498 957 1053 1025 quorumcunque
1132 940 1599 1025 Legatorum
1696 940 1836 1006 sive
1911 938 2387 1006 Nuntiorum
2482 942 2546 1005 et
2626 939 2700 1005 in
2778 939 3011 1005 terris
3089 938 3489 1012 Romanae

498 1046 902 1114 Ecclesiae
952 1049 1341 1113 rectorum
1404 1049 1467 1113 et
1512 1047 2215 1125 thesaurariorum,
2288 1065 2404 1133 per
2452 1047 2670 1132 ipsum
2723 1045 3072 1112 dominum
3127 1044 3484 1112 Urbanum

497 1154 604 1220 vel
653 1153 1205 1239 praedecessores
1268 1172 1430 1220 suos
1479 1154 1854 1238 specialiter
1923 1153 2390 1239 deputatorum
2452 1154 2557 1220 vel
2637 1154 2720 1220 ab
2792 1171 2874 1219 eo
2944 1152 3487 1239 deputandorum

497 1261 564 1327 in
624 1265 990 1346 posterum,
1064 1262 1209 1327 sine
1285 1260 1668 1327 discrimine
1717 1261 2125 1346 ubicumque
2183 1264 2247 1327 et
2296 1279 2725 1346 quocumque
2776 1260 2980 1327 modo
3027 1263 3338 1327 vacarent
3383 1261 3489 1327 vel

497 1372 723 1435 essent
804 1371 1108 1435 vacatura
1183 1368 1355 1435 dicta
1429 1366 1833 1454 beneficia.¹)
1926 1368 2204 1443 Maximi
2273 1368 2469 1434 etiam
2540 1368 2863 1434 momenti
2932 1370 3068 1437 erat
3139 1367 3225 1447 id,
3299 1367 3487 1453 quod

499 1476 834 1562 praefatus
862 1476 1167 1543 Pontifex
1193 1475 1612 1542 ordinaverat
1639 1475 1720 1541 de
1750 1476 2082 1560 personis,
2123 1493 2296 1560 quae
2338 1476 2405 1541 in
2432 1494 2612 1554 casu,
2654 1493 2791 1560 quo
2827 1494 2864 1541 a
2892 1473 3067 1541 Sede
3093 1473 3489 1560 Apostolica

496 1584 890 1651 obtinebant
929 1583 1230 1670 gratiam,
1280 1601 1402 1649 sua
1449 1587 1690 1668 sponte
1724 1602 1795 1649 se
1844 1582 2213 1650 offerebant
2260 1582 2344 1648 ad
2393 1583 2740 1661 beneficia,
2790 1599 2964 1666 quae
3014 1599 3133 1667 pro
3180 1584 3490 1667 tempore

498 1690 960 1776 possidebant,
1017 1708 1137 1768 „ex
1184 1697 1398 1756 nunc“
1440 1689 1832 1756 dimittenda
1866 1690 1970 1756 vel
2005 1690 2060 1755 si
2096 1690 2242 1775 ipse
2277 1690 2578 1775 pontifex
2610 1690 2873 1775 scripsit
2912 1689 3264 1766 „volumus
3298 1688 3486 1775 quod

497 1816 579 1864 ex
636 1816 813 1864 nunc
862 1796 1156 1864 dimittas
1205 1797 1712 1883 beneficium“2)
1772 1797 1913 1864 sive
1965 1798 2419 1882 supplicantes
2491 1799 2674 1865 erant
2723 1797 2788 1862 in
2839 1795 3040 1863 Curia
3089 1797 3230 1863 sive
3283 1799 3485 1873 extra,

498 1923 780 1990 quorum
861 1905 1128 1971 omnia
1207 1904 1615 1970 beneficia
1702 1905 1824 1982 „ab
1904 1904 2013 1971 illa
2087 1903 2233 1971 die“
2319 1923 2408 1972 sc.
2482 1923 2613 1989 qua
2683 1922 3005 1971 concessa
3076 1906 3210 1970 erat
3275 1903 3485 1989 gratia

499 2012 916 2079 habebantur
962 2013 1359 2078 reservata
1408 2010 1840 2096 dispositioni
1894 2010 2089 2077 Sedis
2137 2010 2651 2097 Apostolicae.³)

712 2118 838 2184 Die
886 2119 947 2184 4.
981 2118 1151 2185 Νον.
1194 2118 1419 2204 13634)
1469 2117 1683 2185 dictus
1733 2117 2046 2185 Urbanus
2092 2117 2168 2183 V.
2220 2118 2311 2184 ad
2361 2119 2570 2184 vitae
2642 2117 2814 2184 dies
2861 2118 3013 2184 fecit
3063 2117 3485 2204 generales

498 2226 982 2292 reservationes
1031 2224 1112 2291 ad
1160 2226 1457 2291 tramites
1504 2225 1741 2311 capitis
1797 2223 1937 2302 ,Ad
1987 2225 2324 2311 regimen“
2398 2226 2604 2302 „sicut
2653 2226 2817 2292 inibi
2865 2226 3274 2292 continetur“
3330 2242 3483 2291 cum

497 2333 891 2399 extensione
962 2332 1046 2399 ad
1114 2332 1443 2398 beneficia
1515 2332 2204 2399 succollectorum.
2299 2332 2616 2419 Eodemfi)
2689 2332 2797 2398 die
2845 2332 3224 2416 eodemque
3275 2330 3484 2397 modo

496 2439 853 2505 reservavit
974 2457 1214 2505 omnes
1339 2439 1940 2525 patriarchales,
2080 2439 2848 2525 archiepiscopales,
2965 2439 3484 2525 episcopales

497 2546 811 2613 ecclesias
930 2547 1222 2612 valorem
1338 2545 1773 2613 ducentorum
1885 2547 2290 2613 florenorum
2408 2546 2804 2613 excedentes
2897 2565 3157 2613 necnon
3252 2547 3483 2612 omnia

497 2654 984 2720 monasteria
1052 2653 1393 2719 virorum
1465 2653 1759 2720 valorem
1831 2656 2095 2720 centum
2167 2655 2571 2721 florenorum
2636 2653 3019 2720 excedentia
3068 2654 3370 2721 vacantia
3420 2656 3483 2720 et

498 2761 563 2826 in
601 2764 943 2846 posterum
977 2763 1283 2827 vacatura
1319 2761 1357 2825 i.
1394 2778 1450 2826 e.
1487 2761 2001 2828 reservationem
2033 2761 2413 2846 generalem
2448 2761 2556 2828 die
2591 2763 2650 2827 4.
2679 2761 2849 2846 Aug.
2887 2779 2944 2827 e.
2980 2780 3037 2827 a.
3075 2761 3479 2846 publicatam

498 2871 754 2935 tantum
805 2868 1031 2954 quoad
1082 2867 1278 2935 sedes
1324 2868 1432 2935 vel
1481 2869 1884 2936 monasteria
1933 2869 2221 2936 virorum
2273 2869 2543 2936 maioris
2590 2869 2837 2936 valoris
2885 2868 3235 2935 restrinxit.

707 2976 834 3042 Die
883 2994 1040 3043 vero
1113 2975 1219 3042 28.
1266 2976 1424 3043 Julii
1482 2976 1707 3062 13666)
1779 2994 2095 3061 expresse
2156 2976 2509 3054 ordinavit,
2561 2975 2745 3061 quod
2798 2977 2863 3041 in
2912 2995 3092 3054 casu,
3143 2994 3283 3061 quo
3334 2976 3482 3061 ipse

495 3083 901 3150 beneficium
946 3083 1227 3149 alicuius
1271 3100 1604 3168 personae
1651 3084 2028 3149 reservabat
2062 3102 2181 3168 pro
2216 3084 2350 3149 alio
2393 3082 2590 3160 „dum
2624 3083 2886 3150 vacabit
2916 3101 3032 3168 per
3062 3086 3479 3151 contractum

496 3190 898 3256 matrimonii
948 3208 1276 3275 personae
1325 3190 1729 3257 obtinentis“
1797 3190 1960 3257 illud
2012 3191 2142 3257 iam
2192 3193 2329 3256 erat
2377 3190 2682 3256 affectum
2738 3208 2813 3267 „a
2861 3190 2969 3256 die
3003 3192 3477 3258 reservationis

496 3296 927 3364 huiusmodi“
982 3316 1069 3364 sc.
1121 3315 1260 3363 non
1307 3299 1563 3363 tantum
1614 3317 1652 3364 a
1699 3297 1808 3364 die
1856 3297 2228 3364 vacationis
2278 3297 2666 3363 huiusmodi
2716 3297 3045 3364 beneficii.

708 3405 864 3471 Item
914 3404 1021 3471 die
1076 3405 1173 3471 17.
1206 3404 1368 3471 Dec.
1411 3404 1636 3490 13677)
1686 3405 1812 3471 sibi
1864 3404 2220 3471 reservavit
2267 3422 2506 3470 omnes
2553 3404 3003 3482 canonicatus,
3040 3405 3479 3489 praebenda5‚

496 3511 874 3597 dignitateS,
969 3514 1386 3597 personatuS,
1480 3512 1721 3590 officia,
1802 3512 2119 3578 ecclesias
2198 3515 2546 3596 ceteraque
2626 3511 2953 3577 beneficia
3030 3511 3479 3579 ecclesiastica

495 3618 857 3687 saecularia
937 3622 1002 3685 et
1079 3619 1403 3704 regularia
1481 3637 1534 3685 c.
1593 3637 1746 3685 cura
1825 3619 1930 3685 vel
2010 3637 2060 3684 S.
2111 3636 2264 3685 cura
2336 3636 2993 3703 quorumcunque
3064 3618 3476 3684 curialium

496 3727 765 3794 Curiam
817 3725 1187 3799 Romanam
1263 3726 1689 3810 sequentium
1739 3726 1841 3792 vel
1918 3726 1983 3791 in
2052 3726 2200 3792 loco
2272 3725 2452 3791 unde
2503 3726 2647 3811 ipsa
2699 3724 2942 3791 recedit
2991 3726 3477 3792 remanentium

495 3833 738 3900 infirmi
793 3833 1618 3919 „quantumcunque⁸)
1668 3834 1858 3899 locus
1906 3833 2021 3899 ubi
2070 3831 2402 3899 decedunt
2449 3833 2534 3898 ab
2583 3833 2726 3917 ipsa
2762 3832 2962 3899 Curia
3011 3833 3095 3898 sit
3138 3836 3473 3899 remotus“

492 3940 867 4007 vacantium
918 3941 1020 4006 vel
1071 3943 1531 4007 vacaturorum
1581 3958 1781 4006 causa
1831 3940 2063 4006 mortis
2112 3939 2598 4024 praedictorum
2647 3938 3055 4005 officialium.

707 4046 803 4113 Ex
850 4047 1325 4114 constitutione
1404 4047 1760 4124 „Dudum
1812 4048 1889 4112 in
1942 4045 2271 4133 Urbe“⁹)
2343 4045 2548 4131 (1370
2591 4046 2749 4113 Julii
2800 4046 2936 4132 28.)
2994 4048 3170 4112 certo
3220 4049 3476 4113 tantum

494 4155 767 4233 scimus,
847 4154 1210 4240 praefatum
1282 4154 1678 4221 Pontificem
1758 4154 1868 4221 die
1939 4154 2000 4219 8.
2073 4154 2292 4220 Martii
2372 4153 2540 4219 1368
2611 4152 2850 4220 eodem
2931 4156 3259 4238 tempore,
3344 4173 3477 4240 quo

628 4298 670 4365 ¹)
711 4297 827 4351 Hac
884 4297 1269 4351 constitutione
1326 4300 1610 4351 renovatur
1648 4312 1715 4351 ex
1751 4298 1902 4366 parte
1940 4311 1985 4350 c.
2067 4295 2182 4359 „Ad
2223 4295 2536 4366 Regimen‘,
2576 4295 2726 4364 quod
2765 4297 2875 4349 erat
2913 4295 3119 4349 tantum
3160 4297 3476 4365 temporale.

622 4385 667 4453 ²)
707 4385 857 4440 Haec
913 4386 1097 4439 ultima
1137 4386 1299 4439 verba
1358 4388 1692 4455 reperiuntur
1748 4389 1800 4439 in
1860 4385 2114 4440 omnibus
2153 4384 2262 4439 fere
2301 4386 2567 4454 rescriptis
2605 4384 2912 4454 pontificiis,
2969 4387 3022 4438 in
3064 4388 3327 4453 quantum
3370 4400 3477 4439 rem

491 4474 888 4532 beneficiariam
927 4475 1215 4545 attingunt.

622 4563 667 4632 ³)
706 4562 789 4618 Cf.
830 4563 1113 4618 Ottenthal
1153 4565 1185 4618 l.
1229 4579 1273 4618 c.
1313 4562 1384 4618 n⁰
1421 4564 1481 4618 21
1529 4563 1690 4632 (1363
1727 4563 1875 4634 Sept.
1915 4564 2038 4631 22.).

619 4653 666 4721 ⁴)
705 4652 907 4707 Ibidem
948 4653 979 4707 l.
1020 4668 1064 4707 c.
1106 4669 1158 4723 p.
1203 4651 1268 4707 15
1306 4651 1377 4707 n⁰
1411 4652 1462 4708 5.

622 4742 667 4811 5)
777 4766 798 4788 ι
943 4765 963 4787 ς
1026 4767 1046 4786 ι
1107 4740 1178 4796 ῃο
1213 4743 1262 4797 6,

624 4832 668 4901 ⁰)
783 4854 803 4876 z
947 4825 1616 4901 ·-p.20n⁰28.'

623 4921 665 4988 ⁷)
776 4943 797 4966 s
930 4936 982 4990 p.
1022 4920 1092 4975 32
1131 4919 1200 4974 n⁰
1235 4920 1320 4976 38.

621 5011 665 5078 8)
706 5010 806 5065 His
845 5010 1025 5065 verbis
1064 5011 1210 5064 auxit
1246 5009 1615 5064 ordinationes
1653 5012 1842 5079 capitis
1888 5008 2002 5073 ,Ad
2042 5011 2345 5079 regimen“;
2386 5010 2661 5063 curialium
2701 5012 2844 5063 enim
2883 5009 3145 5063 beneficia
3174 5024 3242 5063 eo
3268 5010 3472 5064 tantum

495 5117 620 5156 casu
679 5104 826 5155 erant
883 5100 1165 5164 reservata,
1221 5102 1266 5153 si
1324 5113 1671 5167 possessores
1728 5101 1782 5152 in
1833 5098 1965 5152 locis
2006 5098 2139 5152 ultra
2179 5097 2316 5152 duas
2354 5098 2526 5152 dietas
2564 5098 2632 5152 ab
2671 5098 2863 5152 eadem
2903 5097 3062 5152 Curia
3103 5113 3213 5152 non
3254 5101 3473 5153 remotis

494 5190 713 5246 forsitan
751 5190 1098 5254 decesserint,
1137 5191 1448 5258 priusquam
1488 5188 1556 5242 ad
1598 5189 1768 5257 ipsam
1809 5186 2026 5241 Curiam
2067 5186 2317 5241 redirent.

621 5280 666 5349 ⁹)
705 5279 835 5351 Reg.
875 5279 995 5334 Vat.
1035 5280 1069 5333 t.
1110 5279 1215 5333 250
1252 5276 1345 5332 fol.
1389 5276 1556 5332 132t0
1593 5277 1684 5345 (de
1721 5274 1920 5343 Curia).

703 5370 760 5425 P.
798 5368 902 5425 VII.
942 5368 1012 5423 n⁰
1046 5368 1133 5424 53.
