3688 5825
1957 308 2042 367 80

512 514 925 598 contingeret
976 514 1413 598 imposterum
1450 515 1842 598 attemptari.
1894 513 1987 580 Ac
2020 513 2265 579 deinde
2298 512 2476 579 dicto
2507 512 2817 579 Johanne
2851 511 3067 596 primo
3113 513 3181 576 et
3212 510 3485 577 demum

512 620 617 706 pie
692 620 1012 685 memorie
1063 620 1426 686 Benedicto
1498 638 1674 705 papa
1720 620 1871 698 X11.‚
1922 619 2222 686 eiusdem
2283 619 2616 685 Johannis
2660 616 3043 684 immediate
3076 635 3486 692 successore,

510 726 624 810 qui
695 726 1030 792 consimili
1103 725 1308 793 modo
1380 727 1447 791 in
1497 744 1616 792 sue
1667 727 2125 812 promocionis
2175 726 2470 792 exordiis
2516 725 2948 793 canonicatus
2997 727 3062 790 et
3110 724 3488 809 prebendas

508 850 584 898 ac
674 832 997 899 beneficia
1080 833 1521 900 ecclesiastica
1591 833 1981 900 huiusmodi
2051 834 2494 919 disposicioni
2567 836 2631 899 et
2702 822 3070 918 provisioni
3143 849 3262 897 sue
3333 848 3484 897 cum

508 938 743 1004 similis
808 939 1327 1024 interposicione
1389 937 1631 1006 decreti
1694 940 2070 1025 specialiter
2137 941 2511 1018 reservavit,
2562 939 3149 1025 predecessoribus
3211 938 3484 1016 nostris,

507 1045 675 1111 sicut
752 1045 1033 1113 domino
1112 1047 1358 1131 placuit
1434 1046 1518 1112 de
1600 1047 1722 1126 hac
1811 1048 1944 1113 vita
2038 1047 2417 1126 subtractiS,
2512 1064 2659 1125 nos,
2732 1045 2814 1111 ad
2894 1046 3152 1130 apicem
3240 1046 3486 1110 summi

506 1153 924 1236 apostolatus
958 1154 1308 1238 assumpti,
1360 1171 1496 1219 uno
1547 1171 1778 1220 mense
1818 1172 1857 1219 a
1899 1157 2123 1220 nostre
2165 1154 2624 1238 promocionis
2666 1153 2957 1219 exordiis
2989 1155 3147 1219 tunc
3179 1151 3485 1217 nondum

506 1259 721 1342 laps0,
818 1278 1055 1326 omnes
1134 1261 1564 1328 canonicatus
1635 1264 1699 1326 et
1778 1260 2153 1346 prebendas
2223 1262 2573 1346 ceteraque
2645 1259 2968 1327 beneficia
3041 1260 3488 1326 ecclesiastica

507 1383 935 1451 quocumque
986 1366 1193 1433 modo
1240 1370 1397 1435 tunc
1443 1367 1622 1453 apud
1658 1367 1899 1434 dictam
1951 1367 2179 1434 sedem
2224 1369 2532 1434 vacancia
2580 1370 2645 1432 et
2693 1368 3129 1452 imposterum
3178 1369 3487 1433 vacatura

504 1491 655 1539 cum
706 1473 944 1539 similis
994 1474 1514 1559 interposicione
1562 1475 1804 1541 decreti
1853 1474 2151 1541 similiter
2192 1475 2503 1540 duximus
2547 1473 2959 1540 reservanda.
3055 1471 3228 1538 Cum
3262 1473 3486 1557 itaque

502 1580 934 1646 canonicatus
996 1583 1061 1646 et
1121 1581 1458 1666 prebenda
1535 1581 1812 1648 ecclesie
1860 1580 2456 1659 Wratislauiensis,
2529 1599 2701 1666 quos
2774 1579 3114 1666 quondam
3164 1579 3486 1646 Nicolaus

504 1685 586 1751 de
621 1685 1075 1772 Thedelgariis
1132 1687 1215 1753 de
1251 1687 1451 1767 Urbe,
1500 1688 1800 1754 eiusdem
1836 1688 2114 1755 ecclesie
2155 1688 2538 1766 canonicuS,
2590 1687 2747 1753 dum
2798 1687 3065 1764 viveret,
3115 1686 3483 1763 obtinebat,

508 1810 626 1877 per
694 1793 907 1878 ipsius
979 1794 1257 1874 obitum,
1329 1796 1443 1880 qui
1516 1794 1692 1861 dicto
1759 1794 2071 1861 Johanne
2144 1795 2614 1880 predecessore
2661 1794 2927 1860 vivente
2998 1792 3175 1878 apud
3239 1792 3481 1859 dictam

504 1898 731 1965 sedem
805 1899 983 1966 diem
1041 1900 1284 1967 clausis
1333 1905 1697 1967 extremum
1748 1901 1925 1986 apud
1978 1902 2206 1967 sedem
2256 1901 2470 1986 ipsam
2506 1901 2877 1967 vacaverint
2909 1901 2973 1966 et
3005 1899 3220 1966 adhuc
3253 1917 3482 1966 vacare

503 2008 884 2086 noscantur,
932 2025 1061 2074 nos
1110 2007 1550 2087 attendenteS,
1622 2009 1806 2094 quod
1880 2008 2102 2074 nullus
2173 2011 2389 2093 preter
2456 2026 2583 2074 nos
2632 2008 2715 2073 de
2764 2007 2930 2092 ipsis
2978 2006 3372 2073 canonicatu
3420 2010 3484 2072 et

504 2112 863 2196 prebenda,
913 2112 997 2178 de
1048 2114 1294 2198 quibus
1344 2116 1439 2181 sic
1495 2116 1885 2182 vacantibus
1957 2114 2109 2181 dicti
2172 2114 2681 2200 predecessores
2752 2113 3027 2179 minime
3076 2113 3480 2192 ordinarunt,

504 2218 625 2284 hac
649 2219 791 2285 vice
816 2219 1174 2304 disponere
1203 2222 1419 2307 potuit
1452 2239 1672 2306 neque
1708 2224 1950 2307 potest,
1979 2221 2552 2287 reservacionibus
2585 2223 2650 2287 et
2681 2220 2962 2287 decretis
2997 2220 3481 2287 obsistentibus

502 2326 895 2410 supradictis
966 2345 1042 2394 ac
1088 2328 1390 2394 volentes
1438 2329 1556 2394 tibi
1606 2329 2085 2414 premissorum
2136 2328 2517 2394 meritorum
2564 2332 2828 2395 tuorum
2880 2328 3140 2406 intuitu,
3203 2330 3288 2405 te,
3362 2345 3480 2412 pro

503 2450 640 2517 quo
689 2434 886 2499 etiam
934 2436 1333 2501 venerabilis
1381 2435 1576 2501 frater
1622 2438 1849 2502 noster
1879 2435 2275 2502 Prenczlaus
2324 2435 2474 2522 (sic)
2523 2435 2888 2521 episcopus
2920 2432 3479 2501 Wratislauiensis

501 2558 829 2619 asserenS,
878 2543 961 2619 te,
1009 2541 1313 2608 clericum
1350 2542 1740 2609 familiarem
1776 2560 1972 2608 suum
2023 2542 2488 2622 domesticum,
2521 2542 2687 2609 circa
2737 2542 3021 2608 nuncios
3064 2540 3477 2626 apostolicos

500 2646 566 2711 in
618 2647 915 2732 partibus
963 2648 1090 2714 illis
1141 2649 1206 2714 in
1270 2650 1572 2734 negociis
1619 2668 1878 2716 camere
1926 2651 2298 2735 apostolice
2346 2649 2631 2716 fideliter
2677 2649 3049 2726 servivisse,
3099 2666 3302 2733 super
3349 2648 3476 2712 hoc

500 2753 699 2819 nobis
799 2754 1134 2821 humiliter
1210 2757 1625 2841 supplicavit,
1725 2758 1950 2823 favore
2029 2757 2348 2842 prosequi
2424 2757 2630 2841 gratie
2724 2756 3053 2841 specialis,
3148 2754 3477 2840 predictos

500 2860 965 2927 canonicatum
1045 2864 1108 2929 et
1177 2863 1586 2948 prebendam
1659 2867 1755 2933 sic
1822 2867 2153 2942 vacantes,
2225 2864 2414 2931 cuius
2488 2863 2758 2950 quidem
2824 2861 3162 2950 prebende
3232 2863 3477 2929 fructus

499 2965 729 3033 decem
780 2968 1189 3035 marcharum
1242 2972 1517 3055 argenti,
1568 2976 1636 3037 ut
1683 2972 2014 3050 asseritur,
2062 2971 2358 3038 valorem
2410 2990 2707 3036 annuum
2758 2988 2896 3036 non
2932 2970 3280 3048 excedunt,
3330 2987 3473 3035 cum

500 3074 916 3157 plenitudine
987 3075 1145 3141 iuris
1214 3078 1517 3144 canonici
1567 3080 1936 3163 apostolica
2006 3080 2126 3146 tibi
2175 3079 2562 3146 auctoritate
2633 3078 3036 3145 conferimus
3106 3081 3171 3144 et
3220 3078 3305 3143 de
3355 3077 3477 3142 illis

500 3179 708 3245 eciam
744 3181 1197 3266 providemus,
1242 3183 1674 3251 decernentes
1724 3188 1921 3271 prout
1969 3189 2068 3252 est
2101 3187 2347 3252 irritum
2402 3189 2465 3251 et
2498 3186 2716 3264 inane,
2766 3186 2822 3252 si
2861 3203 3056 3251 secus
3104 3203 3310 3269 super
3356 3184 3477 3249 hiis

499 3304 536 3351 a
585 3305 930 3372 quoquam
982 3290 1218 3373 quavis
1267 3292 1652 3358 auctoritate
1702 3294 1984 3359 scienter
2029 3293 2131 3359 vel
2183 3293 2566 3377 ignoranter
2612 3294 3069 3378 attemptatum
3119 3291 3347 3358 forsan
3382 3295 3478 3358 est

500 3393 817 3460 hactenus
843 3396 946 3461 vel
968 3396 1320 3481 contigerit
1355 3398 1789 3483 imposterum
1819 3400 2208 3485 attemptari.
2303 3399 2456 3466 Non
2486 3400 2912 3466 obstantibus
2941 3400 3477 3484 quibuscumque

498 3501 757 3566 statutis
788 3504 850 3567 et
880 3503 1485 3571 consuetudinibus
1534 3507 1877 3573 contrariis
1927 3508 2141 3592 ipsius
2177 3507 2474 3585 ecclesie,
2517 3507 2909 3585 iuramento,
2958 3506 3476 3572 confirmacione

498 3607 668 3673 dicte
739 3608 921 3675 sedis
968 3610 1073 3675 vel
1122 3628 1547 3696 quacumque
1596 3613 1900 3680 firmitate
1948 3614 2071 3680 alia
2109 3613 2455 3680 roboratis.
2551 3612 2705 3691 Seu,
2755 3614 2809 3679 si
2857 3614 3061 3698 aliqui
3108 3614 3476 3698 apostolica

500 3714 600 3780 vel
652 3715 781 3781 alia
829 3716 1064 3801 quavis
1114 3718 1497 3784 auctoritate
1547 3719 1613 3785 in
1664 3720 1897 3787 eadem
1948 3722 2225 3787 ecclesia
2275 3721 2340 3785 in
2390 3721 2754 3786 canonicos
2786 3721 2915 3786 sint
2948 3721 3191 3804 recepti
3235 3720 3362 3798 vel,
3412 3723 3476 3784 ut

501 3821 912 3906 recipiantur,
966 3823 1273 3889 insistant
1321 3827 1433 3890 aut
1481 3826 1536 3892 si
1585 3845 1789 3912 super
1834 3827 2335 3912 provisionibus
2393 3827 2520 3893 sibi
2568 3826 2891 3894 faciendis
2946 3827 3116 3893 dicte
3161 3827 3344 3893 sedis
3377 3828 3476 3893 vel

494 3927 865 4013 legatorum
958 3931 1102 3997 eius
1182 3932 1425 3999 litteras
1506 3934 1936 4019 impetrarint,
2012 3934 2272 4000 etiamsi
2382 3952 2499 4019 per
2603 3952 2718 4001 eas
2811 3934 2894 4000 ad
2973 3934 3474 4013 inhibicionem,

495 4037 1021 4104 reservacionem
1093 4043 1156 4105 et
1226 4038 1559 4107 decretum
1632 4044 1698 4108 et
1781 4042 1946 4108 alias
2021 4041 2537 4127 quomodolibet
2599 4042 2682 4108 sit
2730 4059 3142 4126 processum,
3228 4042 3475 4126 quibus

495 4143 811 4209 omnibus
881 4144 945 4209 in
1018 4147 1450 4212 assecucione
1544 4147 1869 4215 dictorum
1952 4150 2384 4215 canonicatus
2455 4152 2518 4214 et
2587 4147 2924 4233 prebende
3011 4151 3075 4213 te
3159 4148 3475 4214 volumus

492 4248 819 4329 anteferri,
892 4251 1011 4317 sed
1082 4253 1337 4319 nullum
1411 4271 1529 4337 per
1609 4255 1736 4321 hoc
1806 4256 1903 4321 eis
1978 4255 2203 4340 quoad
2277 4256 2779 4322 assecucionem
2853 4254 3362 4321 canonicatuum
3414 4259 3476 4321 et

495 4355 984 4440 prebendarum
1086 4377 1162 4424 ac
1262 4359 1741 4428 beneficiorum
1846 4362 2125 4428 aliorum
2197 4361 2662 4447 'preiudicium
2764 4362 3082 4446 generari.
3212 4360 3344 4426 Aut
3421 4363 3473 4428 si

491 4462 838 4547 episcop0,
889 4464 1002 4548 qui
1052 4468 1150 4531 est
1197 4484 1318 4550 pro
1366 4470 1687 4551 tempore,
1721 4471 1781 4534 et
1816 4468 2073 4535 dilectis
2121 4469 2278 4534 filiis
2327 4469 2619 4554 capitulo
2668 4468 3322 4535 Wratislauiensibus
3371 4471 3473 4536 vel

495 4568 844 4653 quibusvis
894 4571 1041 4637 aliis
1088 4575 1535 4640 communiter
1581 4576 1685 4641 vel
1735 4575 1998 4641 divisim
2036 4594 2071 4641 a
2116 4576 2363 4660 prefata
2412 4577 2494 4641 sit
2541 4574 2700 4641 sede
2749 4575 3100 4652 indultum,
3152 4576 3337 4659 quod
3388 4578 3468 4644 ad

491 4676 938 4760 receptionem
1001 4679 1106 4744 vel
1181 4681 1635 4764 provisionem
1709 4683 1990 4748 alicuius
2063 4683 2336 4747 minime
2407 4686 2758 4748 teneantur
2803 4684 2868 4747 et
2915 4682 2996 4748 ad
3049 4682 3112 4747 id
3162 4685 3473 4769 compelli

490 4800 629 4847 non
678 4783 941 4867 possint
1003 4785 1322 4871 quodque
1393 4787 1477 4853 de
1525 4789 2033 4855 canonicatibus
2105 4792 2168 4855 et
2237 4788 2597 4873 prebendis
2658 4788 2957 4854 eiusdem
3021 4788 3301 4855 ecclesie
3371 4791 3475 4856 vel

490 4887 637 4954 aliis
655 4888 999 4956 beneficiis
1026 4892 1492 4960 ecclesiasticis
1519 4893 1603 4959 ad
1632 4913 1865 4961 eorum
1884 4895 2344 4974 collacionem‚
2372 4895 2826 4981 provisionem
2856 4895 2958 4961 vel
2980 4913 3474 4982 quamcumque

489 4993 685 5059 aliam
757 4995 1281 5080 disposicionem
1361 5001 1765 5067 coniunctim
1858 5002 1959 5068 vel
2039 5003 2391 5087 separatim
2468 5002 2925 5086 spectantibus
3004 5002 3165 5067 nulli
3258 5003 3475 5069 valeat

489 5100 824 5184 provideri
888 5121 1005 5189 per
1066 5104 1308 5172 litteras
1372 5108 1777 5192 apostolicas
1846 5125 1984 5173 non
2045 5108 2358 5174 facientes
2408 5109 2673 5193 plenam
2725 5110 2787 5174 et
2835 5127 3215 5193 expressam
3267 5128 3344 5178 ac
3392 5110 3473 5176 de

486 5206 691 5274 verbo
740 5208 822 5274 ad
871 5211 1147 5276 verbum
1222 5213 1305 5279 de
1378 5214 1635 5281 indulto
1701 5214 2087 5280 huiusmodi
2156 5217 2574 5281 mencionem
2628 5218 2692 5283 et
2740 5216 3035 5300 qualibet
3105 5212 3233 5282 alia
3305 5216 3473 5284 dicte

489 5313 669 5383 sedis
719 5315 1146 5404 indulgencia
1193 5321 1488 5407 generali
1523 5321 1627 5387 vel
1661 5321 1955 5407 speciali,
2007 5322 2486 5408 cuiuscumque
2521 5322 2771 5388 tenoris
2805 5323 3058 5401 existat,
3107 5341 3226 5409 per
3270 5343 3469 5409 quam
