3688 5825
1940 316 1978 374 6

474 529 573 589 est
624 524 1020 589 institutioni
1073 524 1394 609 primatus
1443 523 1527 589 ab
1579 522 1727 608 ipso
1776 522 2027 588 Divino
2078 521 2484 606 Legislatore
2532 519 2760 596 factae,
2810 519 2923 603 qui
2975 537 3099 584 suo
3149 518 3214 583 in
3263 518 3452 587 tertis

445 632 715 697 vicario
766 632 902 697 iura
955 631 1019 696 in
1056 630 1416 696 Ecclesiam
1454 629 1865 696 Catholicam
1917 628 2280 695 exercenda
2328 627 2594 693 tradidit
2643 627 2729 693 ita
2777 630 2947 692 certa
2998 629 3060 692 et
3109 628 3451 711 perpetua,

474 742 543 803 ut
593 757 712 804 nec
760 743 1135 823 temporum
1185 755 1377 803 cursu
1428 736 1814 822 amplificari
1866 737 1968 802 vel
2003 736 2230 801 -minui
2279 732 2620 820 possint.¹)

682 845 885 926 Quod
976 845 1058 911 ad
1138 844 1586 930 Episcopos
1678 844 1931 921 attinet,
2026 843 2211 909 licet
2297 843 2455 908 sint
2540 842 2969 908 collatores
3057 840 3448 906 ordinarii

476 952 1048 1019 beneficiorum
1137 952 1211 1017 in
1292 951 1638 1037 propriis
1717 950 2231 1016 dioecesibus
2319 949 2832 1015 existentium
2914 947 3204 1033 ideoque
3282 948 3450 1013 circa

476 1060 950 1126 beneficiorum
996 1060 1327 1124 minorum
1362 1058 1634 1124 liberam
1680 1058 2134 1143 provisionem
2163 1057 2451 1123 habeant
2485 1056 3102 1135 „intentionem
3148 1055 3226 1120 in
3271 1055 3450 1120 iure

474 1167 910 1232 fundatam
937 1174 962 1199 ‘⁴
1018 1170 1240 1231 tamen
1290 1166 1493 1232 libera
1543 1165 1652 1231 illa
1698 1165 2058 1251 dispositio
2093 1165 2222 1231 illis
2255 1164 2575 1249 competit
2607 1163 2948 1230 dumtaxat
2988 1162 3071 1228 de
3105 1160 3451 1229 beneficiis

477 1274 616 1339 sive
666 1273 749 1339 de
798 1273 969 1339 facto
1019 1273 1160 1339 sive
1207 1273 1289 1339 de
1339 1273 1476 1337 iure
1523 1272 1934 1338 vacantibus.
2027 1270 2198 1337 Nam
2248 1290 2397 1337 cum
2447 1272 2631 1336 actus
2681 1269 3063 1336 conferendi
3126 1268 3450 1335 beneficia

477 1381 561 1447 sit
609 1384 793 1446 actus
842 1380 1432 1446 iurisdictionis
1480 1398 1618 1445 non
1662 1378 1918 1445 ordinis
1974 1378 2398 1464 episcopaliS,
2445 1380 2654 1444 totam
2710 1394 2868 1443 vero
2925 1376 3448 1442 iurisdictionem

478 1488 540 1553 in
579 1487 862 1573 singulis
912 1487 1333 1553 dioecesibus
1376 1485 1808 1553 exercendam
1844 1485 2164 1572 Episcopi
2198 1486 2518 1571 recipiant
2551 1503 2667 1571 per
2706 1483 2981 1550 modum
3019 1482 3451 1549 iniunctionis

476 1615 513 1661 a
574 1595 878 1667 Romano
951 1594 1272 1660 Pontifice
1349 1612 1760 1672 concessam,
1834 1593 2024 1659 facile
2100 1593 2506 1678 intelligitur,
2578 1592 2899 1658 terminos
2977 1589 3450 1655 iurisdictionis

477 1685 882 1788 episcopalis
931 1701 1309 1787 dependere
1353 1721 1389 1767 a
1432 1702 1773 1767 voluntate
1822 1700 2036 1785 ipsius
2086 1701 2377 1786 supremi
2413 1700 2719 1786 pastoris.
2815 1698 3185 1765 Concessio
3229 1700 3448 1762 autem

481 1810 836 1885 litterarum
912 1809 1528 1894 exspectativarum,
1595 1826 1770 1893 quae
1828 1826 2094 1893 semper
2154 1807 2445 1892 aliquam
2511 1807 2869 1893 specialem
2933 1804 3449 1871 reservationem

478 1917 757 1982 alicuius
807 1916 1114 1982 beneficii
1171 1915 1587 1981 determinati
1640 1915 1744 1981 vel
1795 1914 2284 1980 indeterminati
2325 1914 2626 1981 nondum
2670 1914 2965 1980 vacantis
3002 1911 3450 1989 includebant,

481 2023 834 2109 Episcopis
883 2024 1012 2089 iarn
1062 2043 1099 2090 a
1146 2024 1431 2089 concilio
1482 2023 1908 2089 Lateranensi
1966 2021 2058 2087 llI.
2118 2022 2199 2107 (c.
2250 2022 2311 2087 2.
2359 2021 2435 2087 X.
2486 2021 2569 2087 de
2617 2038 2914 2087 concess.
2966 2020 3188 2105 praeb.
3239 2018 3332 2084 111.
3382 2018 3451 2103 8)

479 2135 542 2197 et
591 2134 824 2217 postea
873 2132 957 2197 ab
1007 2131 1157 2216 ipso
1206 2130 1540 2196 Bonifatio
1590 2129 1715 2195 PP.
1763 2129 1917 2196 VIIl.
1967 2130 2246 2196 omnino
2294 2132 2431 2196 erat
2479 2128 2907 2213 interdicta.²)

694 2237 865 2304 Cum
914 2256 1071 2303 vero
1121 2237 1475 2323 Episcopis
1535 2238 1599 2302 in
1650 2238 1966 2323 religioso
2015 2237 2425 2303 dioecesium
2476 2254 2739 2302 suarum
2792 2235 3116 2320 regimine
3165 2252 3246 2299 ex
3293 2233 3453 2298 iuris

481 2345 856 2412 reservandi
931 2344 1254 2411 beneficia
1326 2343 1624 2410 nondum
1697 2345 1998 2411 vacantia
2048 2363 2172 2410 usu
2245 2344 2310 2409 in
2381 2343 2574 2410 certis
2643 2342 2909 2409 casibus
2969 2360 3211 2426 magna
3268 2340 3454 2406 efflo-

481 2457 758 2520 resceret
785 2452 1051 2529 utilitas,
1080 2451 1525 2518 saeculilelI.
1546 2450 1780 2517 etXIV.
1801 2470 2004 2537 saepe
2026 2451 2402 2517 direxerunt
2427 2449 2952 2535 supplicationes
2974 2448 3056 2514 ad
3077 2447 3450 2521 Romanum

482 2560 896 2637 Pontificem,
968 2563 1037 2624 ut
1087 2576 1206 2644 pro
1257 2576 1393 2625 uno
1442 2560 1731 2625 alterove
1780 2577 1937 2625 casu
1998 2558 2400 2643 quibusdam
2464 2557 2771 2643 personis
2819 2556 3044 2641 dignis
3091 2555 3175 2621 de
3224 2555 3452 2639 aliquo

483 2667 812 2735 beneficio
905 2670 1311 2732 vacaturo
1409 2669 1687 2751 possent
1781 2666 2149 2751 providere.
2268 2664 2399 2731 Sed
2493 2665 2621 2750 ipsi
2717 2663 2998 2737 Romani
3094 2662 3455 2728 Pontifices

484 2775 548 2840 in
643 2772 1092 2840 concedendis
1187 2772 1573 2838 huiusmodi
1665 2772 1896 2857 gratiis
1979 2773 2064 2838 ab
2145 2771 2500 2858 Episcopis
2587 2788 3012 2856 summopere
3061 2769 3456 2835 desideratis

484 2899 911 2968 nequaquam
963 2898 1034 2947 se
1098 2880 1536 2947 exhibuerunt
1598 2879 1843 2958 facileS,
1892 2879 2009 2946 sed
2073 2919 2160 2927 —
2225 2880 2316 2947 uti
2381 2897 2460 2946 ex
2503 2878 2668 2965 ipsis
2710 2879 2888 2945 notis
2954 2875 3454 2963 marginalibuS‚

484 3009 652 3076 quas
724 2988 878 3054 dicti
928 2987 1288 3054 Pontifices
1360 2987 1966 3073 supplicationibus
2039 2988 2104 3053 in
2163 2987 2499 3053 audientia
2573 2986 2887 3072 porrectis
2938 3003 3139 3050 manu
3190 2983 3455 3068 propria

485 3097 761 3182 infigere
811 3096 1136 3172 solebant,
1181 3095 1340 3161 satis
1388 3095 1558 3161 clare
1605 3095 1913 3160 videmus
1954 3132 2042 3141 —-
2090 3094 2279 3180 quasi
2330 3111 2595 3178 semper
2649 3091 3131 3176 restringebant
3177 3108 3454 3157 casuum

486 3221 855 3280 numerum,
906 3203 971 3267 in
1024 3202 1271 3287 quibus
1318 3201 1641 3267 dederunt
1691 3202 1963 3286 petitam
2012 3201 2474 3282 facultatem-⁹²)

700 3382 740 3447 ¹)
782 3379 961 3445 Quare
989 3379 1058 3433 de
1085 3378 1224 3433 facto
1251 3379 1318 3432 ad
1346 3380 1717 3448 probationem
1746 3381 1874 3433 iuris
1911 3378 2218 3455 reservandi
2255 3376 2519 3432 beneficia
2558 3377 2798 3432 nondum
2836 3379 3079 3431 vacantia
3116 3377 3246 3430 nihil
3285 3375 3457 3440 refert,

485 3486 593 3540 quo
632 3484 774 3524 anno
812 3471 1084 3538 primum
1125 3467 1346 3527 Romani
1374 3467 1664 3522 Pontifices
1703 3469 1806 3522 hoc
1844 3470 1956 3523 iure
1996 3470 2079 3522 usi
2117 3470 2239 3521 sint.
2315 3465 2642 3521 Huiusmodi
2682 3468 2823 3520 enim
2859 3466 3169 3536 disputati0,
3209 3468 3458 3535 quamvis

484 3561 744 3628 imprimis
781 3558 849 3612 ab
889 3559 1142 3612 historiae
1180 3558 1572 3611 ecclesiasticae
1609 3572 1827 3626 operam
1868 3558 2190 3611 navantibus
2230 3558 2371 3610 certe
2409 3558 2628 3610 minime
2683 3558 2752 3610 sit
2808 3555 3219 3619 contemnenda,
3276 3557 3456 3609 tamen

484 3649 633 3704 nullo
672 3647 837 3701 modo
876 3647 1077 3701 fontem
1117 3646 1216 3700 sed
1255 3661 1437 3701 usum
1479 3646 1753 3701 dumtaxat
1776 3648 1922 3700 *iuris
1957 3646 2221 3716 explicare
2247 3646 2406 3699 valet.
2484 3644 2639 3710 Quae
2664 3660 2796 3699 vero
2821 3647 3134 3716 argumenta
3162 3644 3458 3698 Hinschius

484 3740 538 3806 (1.
576 3754 618 3792 c.
656 3753 707 3806 p.
754 3738 852 3790 114
879 3752 929 3790 n.
963 3738 1010 3803 l)
1051 3738 1231 3790 contra
1271 3735 1497 3804 Phillips
1535 3736 1589 3804 (1.
1636 3751 1679 3790 c.
1725 3734 1789 3800 V,
1828 3735 1934 3789 489
1969 3737 2091 3804 sqq)
2132 3737 2185 3788 in
2224 3734 2462 3788 medium
2501 3733 2700 3804 profert
2738 3749 2846 3788 non
2885 3735 3130 3803 probant,
3187 3733 3458 3793 Romanos

485 3825 773 3882 Pontifices
829 3841 955 3880 non
1012 3828 1073 3880 vi
1132 3827 1296 3879 iuris
1348 3827 1639 3893 supremi
1696 3826 1989 3893 pastoris
2037 3827 2089 3878 in
2129 3824 2345 3878 casibus
2382 3824 2553 3878 allatis
2591 3824 2661 3877 de
2695 3822 2978 3877 beneficiis
3015 3823 3331 3877 vacantibus
3369 3823 3457 3876 vel

485 3917 749 3971 vacaturis
826 3916 1190 3983 disposuisse;
1266 3916 1536 3984 praeterea
1599 3916 1716 3983 ipse
1796 3913 2093 3968 Hinschius
2169 3913 2441 3978 concedit,
2517 3915 2665 3983 ipsos
2728 3911 3015 3967 Pontifices
3092 3913 3456 3966 anteactorum

484 4005 820 4060 saeculorum
860 4007 911 4058 in
952 4006 1107 4058 certis
1145 4004 1359 4058 casibus
1398 4003 1466 4056 de
1509 4001 1789 4057 beneficiis
1815 4005 1868 4057 in
1896 4003 2124 4056 diversis
2168 4002 2353 4056 mundi
2382 4003 2620 4072 partibus
2662 4002 2819 4055 certis
2846 4003 3093 4071 personis
3118 4000 3459 4056 conferendis

486 4094 705 4150 dedisse
743 4108 870 4148 suas
925 4095 1191 4148 strictas
1248 4092 1613 4146 ordinationes
1651 4093 1704 4146 et
1741 4107 1851 4145 non
1890 4107 2104 4161 semper
2140 4093 2346 4145 tantum
2385 4091 2551 4146 modo
2590 4091 2825 4160 quodam
2864 4093 3101 4160 precario
3139 4091 3237 4145 sed
3277 4093 3459 4160 potius

486 4184 863 4238 dictatorie.
940 4181 1379 4241 Reservationum
1418 4181 1849 4249 Apostolicarum
1907 4183 2144 4251 systema
2201 4182 2532 4249 temporibus
2572 4180 2863 4235 Innocentii
2904 4180 2980 4234 111.
3020 4183 3124 4234 iam
3181 4180 3348 4234 fuisse
3403 4184 3456 4235 in

488 4277 674 4343 vigore
714 4273 934 4342 registra
989 4271 1113 4325 dicti
1154 4269 1428 4324 Pontificis
1466 4270 1635 4339 probe
1691 4269 1904 4324 docent.
1981 4268 2222 4324 Sufficiat
2259 4271 2364 4324 hoc
2401 4271 2520 4324 loco
2560 4270 2696 4324 duas
2733 4271 2937 4324 tantum
2975 4270 3208 4340 allegare
3237 4270 3460 4324 Litteras

485 4361 827 4431 Apostolicas
866 4361 933 4414 ab
973 4360 1165 4414 eodem
1193 4359 1452 4414 Pontifice
1489 4360 1557 4413 ad
1597 4359 1925 4428 Episcopum
1961 4358 2435 4413 Vratislaviensem
2464 4359 2824 4426 (Laurentium
2858 4359 3225 4427 mor—1232)
3265 4361 3460 4414 missas

488 4455 539 4505 et
607 4452 798 4520 postea
860 4451 1066 4518 corpori
1129 4452 1254 4503 iuris
1317 4451 1557 4503 canonici
1621 4450 1868 4511 insertas,
1931 4463 2069 4517 quae
2131 4451 2184 4502 in
2249 4450 2399 4503 sexta
2462 4450 2609 4518 parte
2671 4449 2967 4516 praesentis
3026 4449 3273 4517 opusculi
3336 4464 3457 4503 cum

487 4540 925 4594 adnotationibus
962 4538 1261 4593 secundum
1306 4540 1509 4592 textum
1549 4537 1910 4608 Registrorum
1957 4537 2392 4606 Apostolicorum
2431 4536 2583 4591 factis
2619 4539 2828 4606 positae
2878 4539 3018 4592 sunt.
3058 4544 3122 4606 (c.
3163 4538 3248 4592 27.
3287 4538 3349 4592 X.
3390 4539 3460 4592 de

488 4631 723 4696 rescript.
765 4627 797 4681 1.
837 4628 895 4690 3;
934 4644 979 4682 c.
1019 4628 1103 4682 26.
1143 4627 1202 4681 X.
1244 4626 1313 4680 de
1352 4628 1531 4696 praeb.
1572 4626 1647 4680 111.
1685 4626 1767 4693 5);
1807 4626 1870 4680 cf.
1910 4626 1966 4680 P.
2009 4626 2093 4680 VI.
2131 4625 2200 4680 n⁰
2241 4627 2262 4680 1
2308 4642 2359 4680 u.
2399 4626 2447 4680 2.

702 4716 745 4783 ²)
786 4716 896 4782 Qui
962 4718 1104 4770 enim
1162 4715 1407 4770 Pontifex
1464 4718 1528 4783 (c.
1578 4716 1626 4770 2.
1667 4715 1735 4769 de
1774 4730 2017 4770 concess,
2066 4716 2246 4784 praeb.
2296 4715 2373 4769 111.
2421 4715 2453 4769 7
2503 4718 2555 4769 in
2602 4713 2722 4783 V1⁰)
2780 4717 3091 4771 auctoritate
3145 4715 3460 4785 Apostolica

489 4809 711 4860 omnino
770 4807 1072 4876 reprobavit
1126 4820 1317 4859 omnes
1372 4807 1710 4874 provisiones
1787 4805 1919 4868 „sub
1976 4808 2171 4874 quovis
2227 4805 2393 4859 modo
2454 4806 2545 4858 aut
2606 4803 2774 4859 forma
2825 4806 3112 4860 verborum
3164 4805 3232 4859 de
3283 4807 3460 4860 cetero

493 4896 782 4960 faciendas,
822 4910 917 4964 per
942 4910 1077 4964 quas
1105 4896 1304 4949 directe
1340 4895 1427 4948 vel
1468 4894 1722 4948 indirecte
1760 4897 1847 4948 via
1886 4897 2075 4962 aperiri
2113 4895 2287 4948 valeat
2326 4894 2394 4948 ad
2432 4892 2695 4948 beneficia
2734 4897 3088 4949 vacatura·

703 4984 747 5052 ³)
788 4984 865 5038 Ex
902 4987 1204 5039 numerosis
1260 4983 1538 5054 exemplis,
1587 4998 1725 5052 quae
1772 4987 1939 5038 series
1978 4983 2440 5053 Supplicationum
2491 4986 2543 5037 in
2589 4983 2844 5038 Archivio
2884 4984 3142 5039 Vaticano
3188 4987 3459 5039 asservata

492 5073 705 5142 profert,
764 5088 929 5128 unum
969 5074 1055 5128 hic
1102 5075 1401 5142 apponatur
1447 5076 1610 5126 instar
1655 5072 1903 5141 plurium.
1952 5072 2139 5142 Suppl.
2188 5071 2357 5126 Clem.
2406 5072 2491 5127 Vl.
2538 5075 2572 5126 t.
2618 5073 2681 5127 18
2719 5088 2764 5127 a.
2807 5073 2932 5128 V111.
2975 5075 3009 5127 f.
3049 5073 3118 5127 42
3155 5074 3226 5127 t0.
3300 5074 3460 5140 (1349

493 5163 612 5217 Oct.
671 5165 769 5230 ll.)
840 5163 996 5224 ,Item
1049 5163 1314 5232 supplicat
1363 5161 1638 5216 sanctitati
1698 5160 1920 5216 Vestrae
1989 5162 2178 5216 eadem
2227 5165 2460 5216 creatura
2521 5164 2696 5216 vestra
2759 5165 3048 5231 episcopus
3123 5163 3460 5231 supradictus

493 5252 1569 5320 (Vratislaviensis·Preczlaus),quatenus
1588 5251 1689 5305 sibi
1711 5251 2011 5305 uberiorem
2034 5253 2255 5321 gratiam
2288 5250 2542 5305 facientes
2564 5251 2740 5305 eidem
2760 5254 3036 5321 episcope,
3061 5255 3117 5306 ut
3147 5254 3264 5322 ipse
3294 5253 3457 5307 duos

493 5344 924 5396 canonicatus
946 5345 997 5395 et
1019 5342 1181 5395 duas
1208 5339 1626 5410 praebendas
1653 5355 1753 5394 nec
1778 5355 1887 5394 non
1916 5355 2102 5395 unam
2131 5340 2542 5411 dignitatem,
2565 5343 2990 5409 personatum
3018 5357 3131 5395 seu
3159 5340 3458 5397 officium
