3688 5825
487 518 663 583 duos
697 534 913 582 annos
962 514 1083 599 (sc.
1113 535 1150 581 a
1176 515 1285 582 die
1310 515 1353 581 1.
1380 516 1551 583 Nov.
1579 514 2149 585 MDCCCXCVIII
2186 535 2401 601 usque
2448 516 2531 583 ad
2567 516 2744 582 diem
2777 514 2914 581 XV.
2945 514 3169 584 Martii
3199 492 3494 600 MCMD'

488 642 595 690 me
642 625 855 689 totum
907 621 1061 688 dedi
1112 623 1365 689 litteris.

698 728 803 796 Ab
874 729 1068 796 initio
1145 730 1211 795 in
1284 749 1634 797 numerum
1687 730 2182 816 capellanorum
2247 730 2567 796 ecclesiae
2639 727 2706 795 S.
2764 728 3016 795 Mariae
3076 728 3163 794 de
3223 727 3480 795 Anima

487 838 812 921 receptus,
863 836 1111 902 scholis
1151 836 1328 903 ,luris
1363 836 1689 904 Canonici
1739 857 1776 903 a
1823 837 2232 903 doctissimis
2282 838 2437 903 viris
2469 837 2535 903 in
2571 834 3016 904 Universitate
3050 834 3478 921 Gregoriana

489 943 733 1010 habitis
760 961 877 1028 per
897 942 1071 1008 duos
1092 942 1225 1009 fere
1241 963 1458 1010 annos
1482 944 1743 1011 interfui
1770 948 1835 1011 et
1854 945 2065 1011 tribus
2090 944 2418 1029 superatis
2445 943 2865 1010 examinibus
2896 960 2984 1008 sc.
3004 960 3126 1027 pro
3146 942 3481 1028 gradibus

489 1050 1056 1127 Baccalaureatus,
1107 1050 1439 1118 Licentiae
1486 1054 1551 1118 et
1597 1051 1998 1118 Doctoratus
2048 1052 2112 1118 in
2160 1051 2317 1118 Jure
2350 1049 2697 1117 Canonico
2745 1049 2863 1115 rite
2913 1048 3325 1125 obtinendis,
3363 1047 3480 1115 die

488 1156 709 1222 xxvi
756 1155 915 1222 Jum
962 1153 1172 1221 MCM
1221 1157 1510 1224 lauream
1561 1159 1806 1243 accepi.
1888 1157 2151 1225 Deinde
2201 1160 2539 1224 annuente
2588 1139 2762 1239 Effiq
2805 1159 2870 1223 et
2911 1138 3080 1229 Rffio
3128 1154 3481 1223 cardinali

487 1262 755 1348 Angelo
817 1261 885 1327 di
942 1261 1185 1340 Pietro,
1251 1262 1317 1328 S.
1374 1261 1944 1350 Congregationis
1999 1263 2283 1332 Concilii
2337 1264 2696 1342 PraefectO,
2729 1263 3127 1329 *membrum
3184 1263 3479 1329 instituti

497 1368 777 1446 „Studio
849 1367 956 1434 del
1030 1367 1377 1436 Concilio“
1455 1373 1817 1456 nuncupati
1889 1372 2101 1438 factus
2173 1390 2343 1449 sum,
2417 1371 2483 1436 in
2543 1388 2679 1455 quo
2727 1369 2933 1437 dubia
2981 1369 3159 1436 iuxta
3209 1387 3479 1437 morem

492 1476 795 1544 eiusdem
879 1474 1444 1562 Congregationis
1523 1478 1606 1545 de
1685 1480 1823 1545 iure
1899 1479 2246 1554 solvenda²
2302 1460 2487 1544 lllfno
2567 1479 2636 1542 et
2702 1458 2871 1549 Rfrio
2942 1475 3482 1562 Archiepiscopo
3560 1470 3564 1474 ’

492 1581 923 1649 Cavicchioni
995 1584 1418 1667 praesidente
1466 1586 2035 1670 proponebantur,
2083 1588 2439 1670 antequam
2490 1582 2753 1650 Causae
2802 1584 2988 1669 ipsae
3034 1601 3073 1649 a
3121 1581 3187 1649 S.
3238 1580 3480 1649 Cardi-

491 1690 743 1757 nalium
794 1689 1104 1775 Collegio
1154 1689 1689 1757 diiudicarentur.

706 1796 839 1864 Sed
955 1815 1093 1863 non
1210 1798 1433 1864 minus
1549 1798 1843 1865 studium
1950 1799 2033 1865 ad
2140 1798 2542 1864 documenta
2650 1797 2981 1873 historica,
3083 1795 3481 1863 dioecesem

490 1904 1129 1971 Wratislaviensem'
1162 1905 1591 1989 potissimum
1640 1905 2129 1984 concernentia,
2202 1904 2440 1971 sedulo
2488 1903 2865 1988 colligenda
2912 1903 3192 1981 contuli;
3267 1920 3484 1988 quare

495 2010 711 2096 primo
791 2011 941 2078 loco
1015 2010 1366 2078 Tabularia
1412 2011 1749 2092 Vaticana,
1822 2012 2067 2079 deinde
2136 2012 2334 2078 etiam
2407 2011 2535 2077 alia
2605 2009 2976 2095 insigniora
3048 2007 3335 2075 archivia
3416 2013 3484 2076 et

493 2116 936 2183 bibliothecas
1016 2117 1228 2183 dictae
1307 2116 1508 2184 Urbis
1587 2137 1712 2185 sc.:
1801 2118 2370 2195 Barberinianam,
2457 2116 2867 2201 Angelicam,
2944 2114 3482 2182 Vallicellianam

493 2223 929 2307 frequentavi.
1063 2224 1130 2289 ln
1203 2224 1590 2291 huiusmodi
1662 2225 1903 2292 studiis
1973 2229 2110 2291 tum
2184 2224 2515 2290 historicis
2585 2226 2725 2288 tum
2805 2219 3271 2306 archiologicis
3350 2223 3483 2289 viri

494 2331 771 2397 nomine
803 2331 1210 2397 celeberrimi
1246 2331 1462 2411 Ehrle,
1512 2332 1797 2410 Denifle,
1849 2332 2083 2411 Eubel,
2134 2332 2217 2398 de
2252 2331 2457 2409 Waal,
2504 2330 2781 2417 Wilpert
2812 2347 3076 2395 necnon
3111 2327 3485 2396 directores

495 2439 560 2503 et
629 2436 953 2504 officiales
1025 2438 1476 2504 institutorum
1550 2439 2013 2506 historicorum
2064 2441 2128 2505 et
2181 2438 2520 2504 Borussici
2577 2440 2641 2503 et
2693 2436 3017 2503 Austriaci
3074 2434 3237 2501 mihi
3287 2440 3488 2503 erant

495 2544 832 2611 adiutores
867 2544 1207 2625 indefessi,
1242 2546 1489 2630 quibus
1522 2547 1799 2631 gratiam
1834 2546 2127 2613 debitam
2164 2565 2431 2631 semper
2463 2545 2757 2612 referam.
2806 2544 2909 2611 Ab
2937 2544 3208 2611 ineunte
3237 2562 3486 2612 mense

495 2649 703 2736 Aprili
780 2650 1035 2729 MCMl,
1115 2671 1264 2718 cum
1342 2652 1826 2719 wratislaviam
1900 2653 2270 2730 rediissem,
2350 2671 2542 2719 curae
2611 2652 2980 2719 animarum
3054 2651 3119 2717 in
3192 2651 3487 2719 ecclesia

496 2758 857 2842 parochiali
945 2758 1029 2824 ad
1139 2758 1205 2825 S.
1286 2758 1645 2825 Henricum
1726 2760 1925 2826 huius
2004 2760 2186 2826 urbis
2263 2778 2383 2844 per
2446 2758 2562 2824 XV
2632 2776 2903 2825 menses
2980 2757 3287 2824 addictus
3369 2758 3488 2825 die

497 2864 538 2930 1.
586 2864 743 2931 ,Iulii
791 2863 1049 2932 MCMll
1099 2868 1185 2934 ab
1235 2866 1594 2934 Ordinatio
1667 2884 1820 2934 meo
1885 2883 2239 2953 puerorum
2289 2866 2712 2933 convictorio'
2768 2862 3135 2951 episcopali
3199 2863 3486 2932 Wratis-

497 2972 778 3039 laviensi
827 2973 1183 3058 dirigendo
1232 2974 1601 3058 praefectus
1649 2993 1822 3054 sum,
1873 2993 2010 3060 quo
2059 2992 2333 3056 munere
2383 2973 2600 3040 adhuc
2646 2973 2908 3057 fungor.

2888 5699 2971 5765 73
3002 5712 3114 5768 wia.
3140 5719 3172 5768 a
3200 5738 3303 5785 ,Μ
3357 5728 3451 5791 «53
