<?xml version="1.0" encoding="UTF-8"?>
<!DOCTYPE html PUBLIC "-//W3C//DTD XHTML 1.0 Transitional//EN"
    "http://www.w3.org/TR/xhtml1/DTD/xhtml1-transitional.dtd">
<html xmlns="http://www.w3.org/1999/xhtml" xml:lang="en" lang="en">
 <head>
  <title>
</title>
<meta http-equiv="Content-Type" content="text/html;charset=utf-8" />
  <meta name='ocr-system' content='tesseract 3.04.00' />
  <meta name='ocr-capabilities' content='ocr_page ocr_carea ocr_par ocr_line ocrx_word'/>
</head>
<body>
  <div class='ocr_page' id='page_1' title='image "./constitutionuma01luxgoog_0100.png"; bbox 0 0 3688 5825; ppageno 0'>
   <div class='ocr_carea' id='block_1_1' title="bbox 1968 307 2052 367">
    <p class='ocr_par' dir='ltr' id='par_1_1' title="bbox 1968 307 2052 367">
     <span class='ocr_line' id='line_1_1' title="bbox 1968 307 2052 367; baseline 0.012 -1"><span class='ocrx_word' id='word_1_1' title='bbox 1968 307 2052 367; x_wconf 86' lang='lat'>90</span> 
     </span>
    </p>
   </div>
   <div class='ocr_carea' id='block_1_2' title="bbox 1796 393 2222 400">
    <p class='ocr_par' dir='ltr' id='par_1_2' title="bbox 1796 393 2222 400">
     <span class='ocr_line' id='line_1_2' title="bbox 1796 393 2222 400; baseline 0 0"><span class='ocrx_word' id='word_1_2' title='bbox 1796 393 2222 400; x_wconf 95' lang='lat' dir='ltr'> </span> 
     </span>
    </p>
   </div>
   <div class='ocr_carea' id='block_1_3' title="bbox 406 513 3509 600">
    <p class='ocr_par' dir='ltr' id='par_1_3' title="bbox 406 513 3509 600">
     <span class='ocr_line' id='line_1_3' title="bbox 406 513 3509 600; baseline -0.001 -19"><span class='ocrx_word' id='word_1_3' title='bbox 406 529 410 533; x_wconf 89' lang='grc'><strong><em>·</em></strong></span> <span class='ocrx_word' id='word_1_4' title='bbox 526 533 642 600; x_wconf 90' lang='lat' dir='ltr'>per</span> <span class='ocrx_word' id='word_1_5' title='bbox 718 533 866 594; x_wconf 93' lang='lat' dir='ltr'>nos,</span> <span class='ocrx_word' id='word_1_6' title='bbox 942 517 1012 580; x_wconf 93' lang='lat' dir='ltr'>ut</span> <span class='ocrx_word' id='word_1_7' title='bbox 1084 513 1493 600; x_wconf 87' lang='lat' dir='ltr'>premittitur,</span> <span class='ocrx_word' id='word_1_8' title='bbox 1565 514 1733 580; x_wconf 80' lang='lat' dir='ltr'>facte</span> <span class='ocrx_word' id='word_1_9' title='bbox 1811 532 1931 580; x_wconf 89' lang='lat' dir='ltr'>seu</span> <span class='ocrx_word' id='word_1_10' title='bbox 2009 514 2332 593; x_wconf 79' lang='lat' dir='ltr'><strong>faciende,</strong></span> <span class='ocrx_word' id='word_1_11' title='bbox 2403 515 2904 599; x_wconf 88' lang='lat' dir='ltr'>acceptaciones</span> <span class='ocrx_word' id='word_1_12' title='bbox 2953 517 3016 579; x_wconf 94' lang='lat' dir='ltr'>et</span> <span class='ocrx_word' id='word_1_13' title='bbox 3077 514 3509 599; x_wconf 88' lang='lat' dir='ltr'>provisiones</span> 
     </span>
    </p>
   </div>
   <div class='ocr_carea' id='block_1_4' title="bbox 521 620 3507 815">
    <p class='ocr_par' dir='ltr' id='par_1_4' title="bbox 521 620 3507 815">
     <span class='ocr_line' id='line_1_4' title="bbox 528 620 3507 707; baseline -0 -21"><span class='ocrx_word' id='word_1_14' title='bbox 528 620 913 687; x_wconf 91' lang='lat' dir='ltr'>huiusmodi</span> <span class='ocrx_word' id='word_1_15' title='bbox 942 621 1219 687; x_wconf 91' lang='lat' dir='ltr'>minime</span> <span class='ocrx_word' id='word_1_16' title='bbox 1257 621 1756 707; x_wconf 84' lang='lat' dir='ltr'>precessissent,</span> <span class='ocrx_word' id='word_1_17' title='bbox 1789 621 2212 707; x_wconf 86' lang='lat' dir='ltr'>presentibus</span> <span class='ocrx_word' id='word_1_18' title='bbox 2263 624 2419 707; x_wconf 91' lang='lat' dir='ltr'>post</span> <span class='ocrx_word' id='word_1_19' title='bbox 2465 621 2810 687; x_wconf 89' lang='lat' dir='ltr'>biennium</span> <span class='ocrx_word' id='word_1_20' title='bbox 2861 620 3136 687; x_wconf 88' lang='lat' dir='ltr'>minime</span> <span class='ocrx_word' id='word_1_21' title='bbox 3184 620 3507 687; x_wconf 91' lang='lat' dir='ltr'>valituris.</span> 
     </span>
     <span class='ocr_line' id='line_1_5' title="bbox 521 727 1888 815; baseline 0.001 -21"><span class='ocrx_word' id='word_1_22' title='bbox 521 727 701 794; x_wconf 90' lang='lat' dir='ltr'>Nulli</span> <span class='ocrx_word' id='word_1_23' title='bbox 752 746 913 815; x_wconf 88' lang='lat' dir='ltr'>ergo</span> <span class='ocrx_word' id='word_1_24' title='bbox 963 732 1082 795; x_wconf 90' lang='lat' dir='ltr'>etc.</span> <span class='ocrx_word' id='word_1_25' title='bbox 1175 728 1245 796; x_wconf 91' lang='lat' dir='ltr'>Si</span> <span class='ocrx_word' id='word_1_26' title='bbox 1294 729 1447 815; x_wconf 91' lang='lat' dir='ltr'>quis</span> <span class='ocrx_word' id='word_1_27' title='bbox 1496 731 1718 795; x_wconf 87' lang='lat' dir='ltr'>autern</span> <span class='ocrx_word' id='word_1_28' title='bbox 1768 732 1888 795; x_wconf 90' lang='lat' dir='ltr'>etc.</span> 
     </span>
    </p>
   </div>
   <div class='ocr_carea' id='block_1_5' title="bbox 732 870 3181 957">
    <p class='ocr_par' dir='ltr' id='par_1_5' title="bbox 732 870 3181 957">
     <span class='ocr_line' id='line_1_6' title="bbox 732 870 3181 957; baseline -0 -20"><span class='ocrx_word' id='word_1_29' title='bbox 732 872 979 938; x_wconf 91' lang='lat' dir='ltr'>Datum</span> <span class='ocrx_word' id='word_1_30' title='bbox 1030 871 1363 938; x_wconf 88' lang='lat' dir='ltr'>Avinione</span> <span class='ocrx_word' id='word_1_31' title='bbox 1412 871 1715 939; x_wconf 89' lang='lat' dir='ltr'>kalendis</span> <span class='ocrx_word' id='word_1_32' title='bbox 1765 870 2080 939; x_wconf 88' lang='lat' dir='ltr'>Octobris</span> <span class='ocrx_word' id='word_1_33' title='bbox 2130 872 2557 957; x_wconf 80' lang='lat' dir='ltr'>pontificatus</span> <span class='ocrx_word' id='word_1_34' title='bbox 2605 871 2811 938; x_wconf 88' lang='lat' dir='ltr'>nostri</span> <span class='ocrx_word' id='word_1_35' title='bbox 2861 890 2918 937; x_wconf 91' lang='lat' dir='ltr'>a.</span> <span class='ocrx_word' id='word_1_36' title='bbox 2967 872 3181 937; x_wconf 89' lang='lat' dir='ltr'>tertio.</span> 
     </span>
    </p>
   </div>
   <div class='ocr_carea' id='block_1_6' title="bbox 1947 1336 2074 1416">
    <p class='ocr_par' dir='ltr' id='par_1_6' title="bbox 1947 1336 2074 1416">
     <span class='ocr_line' id='line_1_7' title="bbox 1947 1336 2074 1416; baseline -0.008 0"><span class='ocrx_word' id='word_1_37' title='bbox 1947 1336 2074 1416; x_wconf 85' lang='lat'>37.</span> 
     </span>
    </p>
   </div>
   <div class='ocr_carea' id='block_1_7' title="bbox 526 1478 1230 1625">
    <p class='ocr_par' dir='ltr' id='par_1_7' title="bbox 526 1478 1230 1625">
     <span class='ocr_line' id='line_1_8' title="bbox 530 1478 912 1536; baseline 0.005 -2"><span class='ocrx_word' id='word_1_38' title='bbox 530 1478 665 1535; x_wconf 83' lang='lat'><strong>1344</strong></span> <span class='ocrx_word' id='word_1_39' title='bbox 703 1479 823 1536; x_wconf 91' lang='lat' dir='ltr'>Oct.</span> <span class='ocrx_word' id='word_1_40' title='bbox 868 1480 912 1536; x_wconf 92' lang='lat'>1.</span> 
     </span>
     <span class='ocr_line' id='line_1_9' title="bbox 526 1568 1230 1625; baseline -0.001 0"><span class='ocrx_word' id='word_1_41' title='bbox 526 1568 663 1625; x_wconf 91' lang='lat' dir='ltr'>Cod.</span> <span class='ocrx_word' id='word_1_42' title='bbox 702 1568 762 1624; x_wconf 86' lang='lat' dir='ltr'>B.</span> <span class='ocrx_word' id='word_1_43' title='bbox 802 1569 893 1624; x_wconf 81' lang='lat' dir='ltr'>fol.</span> <span class='ocrx_word' id='word_1_44' title='bbox 937 1568 1230 1625; x_wconf 81' lang='lat'>114-116.</span> 
     </span>
    </p>
   </div>
   <div class='ocr_carea' id='block_1_8' title="bbox 525 1747 3504 1994">
    <p class='ocr_par' dir='ltr' id='par_1_8' title="bbox 525 1747 3504 1994">
     <span class='ocr_line' id='line_1_10' title="bbox 525 1747 3504 1852; baseline -0.001 -25"><span class='ocrx_word' id='word_1_45' title='bbox 525 1749 959 1828; x_wconf 91' lang='lat' dir='ltr'>Declaracio</span> <span class='ocrx_word' id='word_1_46' title='bbox 1017 1754 1252 1851; x_wconf 88' lang='lat' dir='ltr'>prima</span> <span class='ocrx_word' id='word_1_47' title='bbox 1321 1753 1393 1828; x_wconf 90' lang='lat' dir='ltr'>et</span> <span class='ocrx_word' id='word_1_48' title='bbox 1463 1752 1816 1827; x_wconf 88' lang='lat' dir='ltr'>restrictio</span> <span class='ocrx_word' id='word_1_49' title='bbox 1908 1747 2386 1826; x_wconf 88' lang='lat' dir='ltr'>relaxacionis</span> <span class='ocrx_word' id='word_1_50' title='bbox 2458 1751 2866 1852; x_wconf 83' lang='lat' dir='ltr'>graciarum</span> <span class='ocrx_word' id='word_1_51' title='bbox 2943 1749 3504 1848; x_wconf 86' lang='lat' dir='ltr'>expectancium</span> 
     </span>
     <span class='ocr_line' id='line_1_11' title="bbox 1544 1891 2986 1994; baseline -0.002 -24"><span class='ocrx_word' id='word_1_52' title='bbox 1544 1915 1771 1994; x_wconf 89' lang='lat' dir='ltr'>super</span> <span class='ocrx_word' id='word_1_53' title='bbox 1828 1891 2488 1970; x_wconf 78' lang='lat' dir='ltr'>reservacionibus,</span> <span class='ocrx_word' id='word_1_54' title='bbox 2981 1892 2986 1897; x_wconf 76' lang='grc'><strong><em>’</em></strong></span> 
     </span>
    </p>
   </div>
   <div class='ocr_carea' id='block_1_9' title="bbox 858 2050 3166 2155">
    <p class='ocr_par' dir='ltr' id='par_1_9' title="bbox 858 2050 3166 2155">
     <span class='ocr_line' id='line_1_12' title="bbox 858 2050 3166 2155; baseline -0.003 -21"><span class='ocrx_word' id='word_1_55' title='bbox 858 2051 1218 2134; x_wconf 89' lang='lat' dir='ltr'>Clemens</span> <span class='ocrx_word' id='word_1_56' title='bbox 1276 2057 1678 2155; x_wconf 90' lang='lat' dir='ltr'>episcopus</span> <span class='ocrx_word' id='word_1_57' title='bbox 1736 2056 1870 2131; x_wconf 89' lang='lat' dir='ltr'>etc.</span> <span class='ocrx_word' id='word_1_58' title='bbox 1985 2050 2108 2131; x_wconf 83' lang='lat' dir='ltr'>Ad</span> <span class='ocrx_word' id='word_1_59' title='bbox 2164 2052 2484 2131; x_wconf 82' lang='lat' dir='ltr'>futuram</span> <span class='ocrx_word' id='word_1_60' title='bbox 2543 2055 2643 2129; x_wconf 93' lang='lat' dir='ltr'>rei</span> <span class='ocrx_word' id='word_1_61' title='bbox 2702 2054 3166 2129; x_wconf 86' lang='lat' dir='ltr'>memoriam.</span> 
     </span>
    </p>
   </div>
   <div class='ocr_carea' id='block_1_10' title="bbox 512 2227 3592 5421">
    <p class='ocr_par' dir='ltr' id='par_1_10' title="bbox 512 2227 3592 5421">
     <span class='ocr_line' id='line_1_13' title="bbox 739 2227 3507 2316; baseline -0.002 -19"><span class='ocrx_word' id='word_1_62' title='bbox 739 2231 1127 2316; x_wconf 79' lang='lat' dir='ltr'>Apostolice</span> <span class='ocrx_word' id='word_1_63' title='bbox 1177 2230 1356 2298; x_wconf 91' lang='lat' dir='ltr'>sedis</span> <span class='ocrx_word' id='word_1_64' title='bbox 1406 2230 1832 2316; x_wconf 90' lang='lat' dir='ltr'>providencia</span> <span class='ocrx_word' id='word_1_65' title='bbox 1880 2230 2355 2316; x_wconf 90' lang='lat' dir='ltr'>circumspecta</span> <span class='ocrx_word' id='word_1_66' title='bbox 2405 2228 2488 2295; x_wconf 94' lang='lat' dir='ltr'>ad</span> <span class='ocrx_word' id='word_1_67' title='bbox 2539 2228 2682 2307; x_wconf 90' lang='lat' dir='ltr'>illa,</span> <span class='ocrx_word' id='word_1_68' title='bbox 2746 2246 2878 2314; x_wconf 92' lang='lat' dir='ltr'>que</span> <span class='ocrx_word' id='word_1_69' title='bbox 2928 2227 3193 2313; x_wconf 91' lang='lat' dir='ltr'>plenius</span> <span class='ocrx_word' id='word_1_70' title='bbox 3243 2227 3507 2293; x_wconf 91' lang='lat' dir='ltr'>ordinat</span> 
     </span>
     <span class='ocr_line' id='line_1_14' title="bbox 529 2334 3507 2423; baseline -0.002 -18"><span class='ocrx_word' id='word_1_71' title='bbox 529 2341 593 2405; x_wconf 90' lang='lat' dir='ltr'>et</span> <span class='ocrx_word' id='word_1_72' title='bbox 662 2338 982 2423; x_wconf 89' lang='lat' dir='ltr'>disponit,</span> <span class='ocrx_word' id='word_1_73' title='bbox 1054 2338 1551 2417; x_wconf 89' lang='lat' dir='ltr'>declaracionis,</span> <span class='ocrx_word' id='word_1_74' title='bbox 1626 2338 1738 2403; x_wconf 92' lang='lat' dir='ltr'>ubi</span> <span class='ocrx_word' id='word_1_75' title='bbox 1789 2337 2079 2422; x_wconf 92' lang='lat' dir='ltr'>expedit,</span> <span class='ocrx_word' id='word_1_76' title='bbox 2129 2354 2248 2404; x_wconf 90' lang='lat' dir='ltr'>sue</span> <span class='ocrx_word' id='word_1_77' title='bbox 2299 2337 2755 2422; x_wconf 90' lang='lat' dir='ltr'>provisionem</span> <span class='ocrx_word' id='word_1_78' title='bbox 2806 2335 3048 2414; x_wconf 90' lang='lat' dir='ltr'>adiicit,</span> <span class='ocrx_word' id='word_1_79' title='bbox 3120 2337 3318 2420; x_wconf 91' lang='lat' dir='ltr'>prout</span> <span class='ocrx_word' id='word_1_80' title='bbox 3367 2334 3507 2399; x_wconf 80' lang='lat' dir='ltr'>tore</span> 
     </span>
     <span class='ocr_line' id='line_1_15' title="bbox 527 2442 3506 2531; baseline -0.002 -19"><span class='ocrx_word' id='word_1_81' title='bbox 527 2446 855 2530; x_wconf 92' lang='lat' dir='ltr'>conspicit</span> <span class='ocrx_word' id='word_1_82' title='bbox 902 2448 1329 2531; x_wconf 91' lang='lat' dir='ltr'>oportunum.</span> <span class='ocrx_word' id='word_1_83' title='bbox 1412 2444 1633 2511; x_wconf 86' lang='lat' dir='ltr'>Hodie</span> <span class='ocrx_word' id='word_1_84' title='bbox 1682 2444 2018 2529; x_wconf 89' lang='lat' dir='ltr'>siquidem</span> <span class='ocrx_word' id='word_1_85' title='bbox 2068 2463 2149 2510; x_wconf 95' lang='lat' dir='ltr'>ex</span> <span class='ocrx_word' id='word_1_86' title='bbox 2178 2444 2370 2510; x_wconf 91' lang='lat' dir='ltr'>certis</span> <span class='ocrx_word' id='word_1_87' title='bbox 2404 2444 2624 2509; x_wconf 90' lang='lat' dir='ltr'>causis</span> <span class='ocrx_word' id='word_1_88' title='bbox 2657 2442 2996 2508; x_wconf 91' lang='lat' dir='ltr'>voluimus</span> <span class='ocrx_word' id='word_1_89' title='bbox 3030 2444 3095 2507; x_wconf 90' lang='lat' dir='ltr'>et</span> <span class='ocrx_word' id='word_1_90' title='bbox 3134 2442 3506 2526; x_wconf 88' lang='lat' dir='ltr'>apostolica</span> 
     </span>
     <span class='ocr_line' id='line_1_16' title="bbox 512 2546 3506 2639; baseline -0.002 -20"><span class='ocrx_word' id='word_1_91' title='bbox 512 2554 911 2620; x_wconf 83' lang='lat' dir='ltr'>auctoritate</span> <span class='ocrx_word' id='word_1_92' title='bbox 984 2572 1101 2639; x_wconf 92' lang='lat' dir='ltr'>per</span> <span class='ocrx_word' id='word_1_93' title='bbox 1170 2556 1431 2619; x_wconf 90' lang='lat' dir='ltr'>nostras</span> <span class='ocrx_word' id='word_1_94' title='bbox 1500 2552 1653 2618; x_wconf 89' lang='lat' dir='ltr'>certi</span> <span class='ocrx_word' id='word_1_95' title='bbox 1724 2552 1976 2618; x_wconf 94' lang='lat' dir='ltr'>tenoris</span> <span class='ocrx_word' id='word_1_96' title='bbox 2048 2551 2295 2617; x_wconf 87' lang='lat' dir='ltr'>litteras</span> <span class='ocrx_word' id='word_1_97' title='bbox 2353 2549 2666 2615; x_wconf 92' lang='lat' dir='ltr'>duximus</span> <span class='ocrx_word' id='word_1_98' title='bbox 2716 2548 3229 2627; x_wconf 91' lang='lat' dir='ltr'>decernendum,</span> <span class='ocrx_word' id='word_1_99' title='bbox 3299 2546 3506 2632; x_wconf 91' lang='lat' dir='ltr'>quod,</span> 
     </span>
     <span class='ocr_line' id='line_1_17' title="bbox 529 2654 3507 2746; baseline -0.002 -20"><span class='ocrx_word' id='word_1_100' title='bbox 529 2661 1045 2746; x_wconf 89' lang='lat' dir='ltr'>quibuscunque</span> <span class='ocrx_word' id='word_1_101' title='bbox 1095 2660 1665 2727; x_wconf 90' lang='lat' dir='ltr'>reservacionibus</span> <span class='ocrx_word' id='word_1_102' title='bbox 1714 2659 2117 2744; x_wconf 89' lang='lat' dir='ltr'>specialibus</span> <span class='ocrx_word' id='word_1_103' title='bbox 2165 2658 2248 2724; x_wconf 88' lang='lat' dir='ltr'>de</span> <span class='ocrx_word' id='word_1_104' title='bbox 2297 2658 2489 2723; x_wconf 89' lang='lat' dir='ltr'>certis</span> <span class='ocrx_word' id='word_1_105' title='bbox 2523 2656 3023 2723; x_wconf 91' lang='lat' dir='ltr'>canonicatibus</span> <span class='ocrx_word' id='word_1_106' title='bbox 3057 2657 3119 2721; x_wconf 92' lang='lat' dir='ltr'>et</span> <span class='ocrx_word' id='word_1_107' title='bbox 3145 2654 3507 2739; x_wconf 90' lang='lat' dir='ltr'>prebendis</span> 
     </span>
     <span class='ocr_line' id='line_1_18' title="bbox 529 2763 3508 2854; baseline -0.002 -20"><span class='ocrx_word' id='word_1_108' title='bbox 529 2768 965 2854; x_wconf 88' lang='lat' dir='ltr'>singularium</span> <span class='ocrx_word' id='word_1_109' title='bbox 1030 2770 1095 2833; x_wconf 93' lang='lat' dir='ltr'>et</span> <span class='ocrx_word' id='word_1_110' title='bbox 1158 2769 1476 2833; x_wconf 88' lang='lat' dir='ltr'>certarum</span> <span class='ocrx_word' id='word_1_111' title='bbox 1543 2784 1974 2851; x_wconf 90' lang='lat' dir='ltr'>personarum</span> <span class='ocrx_word' id='word_1_112' title='bbox 2039 2766 2144 2831; x_wconf 94' lang='lat' dir='ltr'>vel</span> <span class='ocrx_word' id='word_1_113' title='bbox 2204 2764 2576 2849; x_wconf 86' lang='lat' dir='ltr'>collegiatis</span> <span class='ocrx_word' id='word_1_114' title='bbox 2637 2763 2933 2830; x_wconf 89' lang='lat' dir='ltr'>ecclesiis</span> <span class='ocrx_word' id='word_1_115' title='bbox 2992 2763 3508 2847; x_wconf 88' lang='lat' dir='ltr'>quibuscunque</span> 
     </span>
     <span class='ocr_line' id='line_1_19' title="bbox 530 2868 3507 2957; baseline -0.002 -15"><span class='ocrx_word' id='word_1_116' title='bbox 530 2893 648 2942; x_wconf 92' lang='lat' dir='ltr'>seu</span> <span class='ocrx_word' id='word_1_117' title='bbox 699 2874 783 2941; x_wconf 92' lang='lat' dir='ltr'>de</span> <span class='ocrx_word' id='word_1_118' title='bbox 831 2874 1023 2942; x_wconf 89' lang='lat' dir='ltr'>certis</span> <span class='ocrx_word' id='word_1_119' title='bbox 1073 2874 1419 2941; x_wconf 80' lang='lat' dir='ltr'>beneficiis</span> <span class='ocrx_word' id='word_1_120' title='bbox 1467 2873 1931 2940; x_wconf 88' lang='lat' dir='ltr'>ecclesiasticis</span> <span class='ocrx_word' id='word_1_121' title='bbox 1982 2889 2413 2957; x_wconf 89' lang='lat' dir='ltr'>personarum</span> <span class='ocrx_word' id='word_1_122' title='bbox 2463 2872 2779 2937; x_wconf 90' lang='lat' dir='ltr'>certarum</span> <span class='ocrx_word' id='word_1_123' title='bbox 2830 2888 2979 2936; x_wconf 91' lang='lat' dir='ltr'>cum</span> <span class='ocrx_word' id='word_1_124' title='bbox 3029 2887 3182 2936; x_wconf 94' lang='lat' dir='ltr'>cura</span> <span class='ocrx_word' id='word_1_125' title='bbox 3228 2868 3334 2936; x_wconf 91' lang='lat' dir='ltr'>vel</span> <span class='ocrx_word' id='word_1_126' title='bbox 3363 2870 3507 2936; x_wconf 93' lang='lat' dir='ltr'>sine</span> 
     </span>
     <span class='ocr_line' id='line_1_20' title="bbox 529 2978 3508 3067; baseline -0.002 -18"><span class='ocrx_word' id='word_1_127' title='bbox 529 3001 680 3049; x_wconf 94' lang='lat' dir='ltr'>cura</span> <span class='ocrx_word' id='word_1_128' title='bbox 752 2985 910 3049; x_wconf 92' lang='lat' dir='ltr'>tunc</span> <span class='ocrx_word' id='word_1_129' title='bbox 981 3001 1098 3067; x_wconf 90' lang='lat' dir='ltr'>per</span> <span class='ocrx_word' id='word_1_130' title='bbox 1178 3000 1303 3048; x_wconf 89' lang='lat' dir='ltr'>nos</span> <span class='ocrx_word' id='word_1_131' title='bbox 1382 2981 1570 3047; x_wconf 80' lang='lat' dir='ltr'>tactis</span> <span class='ocrx_word' id='word_1_132' title='bbox 1649 2983 1763 3047; x_wconf 92' lang='lat' dir='ltr'>aut</span> <span class='ocrx_word' id='word_1_133' title='bbox 1832 2980 2098 3046; x_wconf 89' lang='lat' dir='ltr'>inantea</span> <span class='ocrx_word' id='word_1_134' title='bbox 2166 2978 2489 3045; x_wconf 80' lang='lat' dir='ltr'>faciendis</span> <span class='ocrx_word' id='word_1_135' title='bbox 2559 2995 2986 3063; x_wconf 91' lang='lat' dir='ltr'>nequaquam</span> <span class='ocrx_word' id='word_1_136' title='bbox 3057 2978 3508 3054; x_wconf 79' lang='lat' dir='ltr'>obstantibuS,</span> 
     </span>
     <span class='ocr_line' id='line_1_21' title="bbox 535 3083 3510 3175; baseline -0.003 -19"><span class='ocrx_word' id='word_1_137' title='bbox 535 3093 961 3175; x_wconf 87' lang='lat' dir='ltr'>expectantes</span> <span class='ocrx_word' id='word_1_138' title='bbox 1029 3107 1146 3174; x_wconf 90' lang='lat' dir='ltr'>per</span> <span class='ocrx_word' id='word_1_139' title='bbox 1214 3092 1475 3155; x_wconf 92' lang='lat' dir='ltr'>nostras</span> <span class='ocrx_word' id='word_1_140' title='bbox 1553 3088 1802 3154; x_wconf 89' lang='lat' dir='ltr'>litteras</span> <span class='ocrx_word' id='word_1_141' title='bbox 1873 3086 2281 3172; x_wconf 90' lang='lat' dir='ltr'>apostolicas</span> <span class='ocrx_word' id='word_1_142' title='bbox 2364 3086 2793 3151; x_wconf 91' lang='lat' dir='ltr'>canonicatus</span> <span class='ocrx_word' id='word_1_143' title='bbox 2863 3087 2928 3150; x_wconf 92' lang='lat' dir='ltr'>et</span> <span class='ocrx_word' id='word_1_144' title='bbox 2997 3083 3377 3169; x_wconf 88' lang='lat' dir='ltr'>prebendas</span> <span class='ocrx_word' id='word_1_145' title='bbox 3446 3087 3510 3149; x_wconf 91' lang='lat' dir='ltr'>et</span> 
     </span>
     <span class='ocr_line' id='line_1_22' title="bbox 530 3190 3507 3277; baseline -0.003 -14"><span class='ocrx_word' id='word_1_146' title='bbox 530 3196 854 3263; x_wconf 80' lang='lat' dir='ltr'>beneficia</span> <span class='ocrx_word' id='word_1_147' title='bbox 925 3195 1371 3262; x_wconf 90' lang='lat' dir='ltr'>ecclesiastica</span> <span class='ocrx_word' id='word_1_148' title='bbox 1440 3214 1592 3261; x_wconf 90' lang='lat' dir='ltr'>curn</span> <span class='ocrx_word' id='word_1_149' title='bbox 1663 3212 1815 3260; x_wconf 90' lang='lat' dir='ltr'>cura</span> <span class='ocrx_word' id='word_1_150' title='bbox 1885 3194 1989 3260; x_wconf 93' lang='lat' dir='ltr'>vel</span> <span class='ocrx_word' id='word_1_151' title='bbox 2062 3194 2206 3259; x_wconf 90' lang='lat' dir='ltr'>sine</span> <span class='ocrx_word' id='word_1_152' title='bbox 2274 3211 2427 3259; x_wconf 88' lang='lat' dir='ltr'>cura</span> <span class='ocrx_word' id='word_1_153' title='bbox 2500 3195 2839 3277; x_wconf 89' lang='lat' dir='ltr'>presentes</span> <span class='ocrx_word' id='word_1_154' title='bbox 2912 3191 3149 3276; x_wconf 93' lang='lat' dir='ltr'>pariter</span> <span class='ocrx_word' id='word_1_155' title='bbox 3197 3193 3262 3256; x_wconf 93' lang='lat' dir='ltr'>et</span> <span class='ocrx_word' id='word_1_156' title='bbox 3310 3190 3507 3256; x_wconf 77' lang='lat' dir='ltr'>futuri</span> 
     </span>
     <span class='ocr_line' id='line_1_23' title="bbox 529 3297 3509 3388; baseline -0.002 -19"><span class='ocrx_word' id='word_1_157' title='bbox 529 3304 962 3369; x_wconf 88' lang='lat' dir='ltr'>canonicatus</span> <span class='ocrx_word' id='word_1_158' title='bbox 1025 3306 1088 3369; x_wconf 95' lang='lat' dir='ltr'>et</span> <span class='ocrx_word' id='word_1_159' title='bbox 1150 3302 1526 3388; x_wconf 91' lang='lat' dir='ltr'>prebendas</span> <span class='ocrx_word' id='word_1_160' title='bbox 1583 3304 1715 3368; x_wconf 90' lang='lat' dir='ltr'>tarn</span> <span class='ocrx_word' id='word_1_161' title='bbox 1769 3302 1834 3367; x_wconf 92' lang='lat' dir='ltr'>in</span> <span class='ocrx_word' id='word_1_162' title='bbox 1883 3300 2372 3367; x_wconf 89' lang='lat' dir='ltr'>cathedralibus</span> <span class='ocrx_word' id='word_1_163' title='bbox 2422 3317 2622 3384; x_wconf 91' lang='lat' dir='ltr'>quarn</span> <span class='ocrx_word' id='word_1_164' title='bbox 2672 3299 2739 3364; x_wconf 94' lang='lat' dir='ltr'>in</span> <span class='ocrx_word' id='word_1_165' title='bbox 2788 3298 3158 3382; x_wconf 89' lang='lat' dir='ltr'>collegiatis</span> <span class='ocrx_word' id='word_1_166' title='bbox 3207 3297 3509 3363; x_wconf 90' lang='lat' dir='ltr'>ecclesiis</span> 
     </span>
     <span class='ocr_line' id='line_1_24' title="bbox 532 3406 3508 3495; baseline -0.002 -20"><span class='ocrx_word' id='word_1_167' title='bbox 532 3410 929 3495; x_wconf 92' lang='lat' dir='ltr'>supradictis</span> <span class='ocrx_word' id='word_1_168' title='bbox 1001 3428 1264 3476; x_wconf 92' lang='lat' dir='ltr'>necnon</span> <span class='ocrx_word' id='word_1_169' title='bbox 1337 3409 1665 3475; x_wconf 82' lang='lat' dir='ltr'>beneficia</span> <span class='ocrx_word' id='word_1_170' title='bbox 1736 3407 2180 3475; x_wconf 89' lang='lat' dir='ltr'>ecclesiastica</span> <span class='ocrx_word' id='word_1_171' title='bbox 2250 3424 2400 3473; x_wconf 90' lang='lat' dir='ltr'>cum</span> <span class='ocrx_word' id='word_1_172' title='bbox 2450 3424 2603 3471; x_wconf 93' lang='lat' dir='ltr'>cura</span> <span class='ocrx_word' id='word_1_173' title='bbox 2651 3406 2755 3471; x_wconf 91' lang='lat' dir='ltr'>vel</span> <span class='ocrx_word' id='word_1_174' title='bbox 2806 3406 2951 3471; x_wconf 93' lang='lat' dir='ltr'>sine</span> <span class='ocrx_word' id='word_1_175' title='bbox 2999 3423 3171 3484; x_wconf 92' lang='lat' dir='ltr'>cura,</span> <span class='ocrx_word' id='word_1_176' title='bbox 3223 3421 3508 3489; x_wconf 92' lang='lat' dir='ltr'>quorum</span> 
     </span>
     <span class='ocr_line' id='line_1_25' title="bbox 532 3509 3509 3603; baseline -0.002 -21"><span class='ocrx_word' id='word_1_177' title='bbox 532 3516 806 3603; x_wconf 89' lang='lat' dir='ltr'>quidem</span> <span class='ocrx_word' id='word_1_178' title='bbox 842 3517 1317 3584; x_wconf 87' lang='lat' dir='ltr'>beneficiorum</span> <span class='ocrx_word' id='word_1_179' title='bbox 1354 3516 1619 3595; x_wconf 79' lang='lat' dir='ltr'>fructuS,</span> <span class='ocrx_word' id='word_1_180' title='bbox 1648 3509 1950 3582; x_wconf 85' lang='lat' dir='ltr'>¹redditus</span> <span class='ocrx_word' id='word_1_181' title='bbox 1984 3517 2048 3581; x_wconf 91' lang='lat' dir='ltr'>et</span> <span class='ocrx_word' id='word_1_182' title='bbox 2097 3515 2478 3599; x_wconf 81' lang='lat' dir='ltr'>proventuS,</span> <span class='ocrx_word' id='word_1_183' title='bbox 2530 3513 2585 3579; x_wconf 95' lang='lat' dir='ltr'>si</span> <span class='ocrx_word' id='word_1_184' title='bbox 2633 3530 2782 3578; x_wconf 91' lang='lat' dir='ltr'>cum</span> <span class='ocrx_word' id='word_1_185' title='bbox 2834 3530 2985 3578; x_wconf 91' lang='lat' dir='ltr'>cura</span> <span class='ocrx_word' id='word_1_186' title='bbox 3034 3512 3404 3597; x_wconf 88' lang='lat' dir='ltr'>sexaginta,</span> <span class='ocrx_word' id='word_1_187' title='bbox 3454 3511 3509 3577; x_wconf 91' lang='lat' dir='ltr'>si</span> 
     </span>
     <span class='ocr_line' id='line_1_26' title="bbox 532 3617 3509 3709; baseline -0.003 -18"><span class='ocrx_word' id='word_1_188' title='bbox 532 3643 690 3691; x_wconf 90' lang='lat' dir='ltr'>vero</span> <span class='ocrx_word' id='word_1_189' title='bbox 741 3625 887 3690; x_wconf 90' lang='lat' dir='ltr'>sine</span> <span class='ocrx_word' id='word_1_190' title='bbox 934 3643 1086 3691; x_wconf 92' lang='lat' dir='ltr'>cura</span> <span class='ocrx_word' id='word_1_191' title='bbox 1133 3624 1349 3689; x_wconf 80' lang='lat' dir='ltr'>forent</span> <span class='ocrx_word' id='word_1_192' title='bbox 1399 3623 1835 3709; x_wconf 90' lang='lat' dir='ltr'>quadraginta</span> <span class='ocrx_word' id='word_1_193' title='bbox 1869 3623 2180 3689; x_wconf 92' lang='lat' dir='ltr'>librarum</span> <span class='ocrx_word' id='word_1_194' title='bbox 2213 3620 2706 3687; x_wconf 90' lang='lat' dir='ltr'>Turonensium</span> <span class='ocrx_word' id='word_1_195' title='bbox 2743 3637 3093 3705; x_wconf 91' lang='lat' dir='ltr'>parvorum</span> <span class='ocrx_word' id='word_1_196' title='bbox 3137 3617 3509 3684; x_wconf 90' lang='lat' dir='ltr'>secundum</span> 
     </span>
     <span class='ocr_line' id='line_1_27' title="bbox 531 3724 3510 3812; baseline -0.003 -14"><span class='ocrx_word' id='word_1_197' title='bbox 531 3731 947 3798; x_wconf 89' lang='lat' dir='ltr'>taxacionem</span> <span class='ocrx_word' id='word_1_198' title='bbox 1027 3730 1283 3797; x_wconf 89' lang='lat' dir='ltr'>decime</span> <span class='ocrx_word' id='word_1_199' title='bbox 1362 3732 1654 3797; x_wconf 93' lang='lat' dir='ltr'>valorem</span> <span class='ocrx_word' id='word_1_200' title='bbox 1734 3748 2032 3797; x_wconf 91' lang='lat' dir='ltr'>annuum</span> <span class='ocrx_word' id='word_1_201' title='bbox 2106 3747 2243 3795; x_wconf 96' lang='lat' dir='ltr'>non</span> <span class='ocrx_word' id='word_1_202' title='bbox 2312 3726 2723 3805; x_wconf 88' lang='lat' dir='ltr'>excederent,</span> <span class='ocrx_word' id='word_1_203' title='bbox 2803 3725 3077 3812; x_wconf 92' lang='lat' dir='ltr'>perinde</span> <span class='ocrx_word' id='word_1_204' title='bbox 3138 3743 3357 3810; x_wconf 91' lang='lat' dir='ltr'>usque</span> <span class='ocrx_word' id='word_1_205' title='bbox 3429 3724 3510 3791; x_wconf 94' lang='lat' dir='ltr'>ad</span> 
     </span>
     <span class='ocr_line' id='line_1_28' title="bbox 532 3834 3513 3923; baseline -0.003 -18"><span class='ocrx_word' id='word_1_206' title='bbox 532 3839 878 3906; x_wconf 90' lang='lat' dir='ltr'>biennium</span> <span class='ocrx_word' id='word_1_207' title='bbox 927 3843 1084 3905; x_wconf 92' lang='lat' dir='ltr'>tunc</span> <span class='ocrx_word' id='word_1_208' title='bbox 1131 3839 1509 3923; x_wconf 90' lang='lat' dir='ltr'>perentorio</span> <span class='ocrx_word' id='word_1_209' title='bbox 1557 3838 1871 3916; x_wconf 79' lang='lat' dir='ltr'>futurum,</span> <span class='ocrx_word' id='word_1_210' title='bbox 1922 3837 2149 3922; x_wconf 89' lang='lat' dir='ltr'>vigore</span> <span class='ocrx_word' id='word_1_211' title='bbox 2185 3835 2505 3902; x_wconf 92' lang='lat' dir='ltr'>dictarum</span> <span class='ocrx_word' id='word_1_212' title='bbox 2540 3835 2896 3901; x_wconf 91' lang='lat' dir='ltr'>litterarum</span> <span class='ocrx_word' id='word_1_213' title='bbox 2931 3834 3135 3899; x_wconf 90' lang='lat' dir='ltr'>libere</span> <span class='ocrx_word' id='word_1_214' title='bbox 3171 3835 3513 3917; x_wconf 88' lang='lat' dir='ltr'>acceptare</span> 
     </span>
     <span class='ocr_line' id='line_1_29' title="bbox 532 3940 3515 4030; baseline -0.003 -17"><span class='ocrx_word' id='word_1_215' title='bbox 532 3949 599 4013; x_wconf 90' lang='lat' dir='ltr'>et</span> <span class='ocrx_word' id='word_1_216' title='bbox 667 3945 750 4012; x_wconf 85' lang='lat' dir='ltr'>de</span> <span class='ocrx_word' id='word_1_217' title='bbox 822 3945 987 4030; x_wconf 91' lang='lat' dir='ltr'>ipsis</span> <span class='ocrx_word' id='word_1_218' title='bbox 1060 3945 1187 4011; x_wconf 93' lang='lat' dir='ltr'>sibi</span> <span class='ocrx_word' id='word_1_219' title='bbox 1237 3945 1448 4012; x_wconf 82' lang='lat' dir='ltr'>tacere</span> <span class='ocrx_word' id='word_1_220' title='bbox 1513 3944 1846 4030; x_wconf 89' lang='lat' dir='ltr'>provideri</span> <span class='ocrx_word' id='word_1_221' title='bbox 1896 3945 2210 4023; x_wconf 92' lang='lat' dir='ltr'>valerent,</span> <span class='ocrx_word' id='word_1_222' title='bbox 2260 3961 2335 4010; x_wconf 94' lang='lat' dir='ltr'>ac</span> <span class='ocrx_word' id='word_1_223' title='bbox 2383 3943 2438 4009; x_wconf 95' lang='lat' dir='ltr'>si</span> <span class='ocrx_word' id='word_1_224' title='bbox 2490 3941 2781 4027; x_wconf 90' lang='lat' dir='ltr'>predicte</span> <span class='ocrx_word' id='word_1_225' title='bbox 2830 3940 3348 4018; x_wconf 82' lang='lat' dir='ltr'>reservacioneS,</span> <span class='ocrx_word' id='word_1_226' title='bbox 3401 3957 3515 4024; x_wconf 90' lang='lat' dir='ltr'>per</span> 
     </span>
     <span class='ocr_line' id='line_1_30' title="bbox 533 4046 3512 4137; baseline -0.003 -17"><span class='ocrx_word' id='word_1_227' title='bbox 533 4072 681 4132; x_wconf 92' lang='lat' dir='ltr'>nos,</span> <span class='ocrx_word' id='word_1_228' title='bbox 732 4055 802 4118; x_wconf 94' lang='lat' dir='ltr'>ut</span> <span class='ocrx_word' id='word_1_229' title='bbox 836 4051 1249 4137; x_wconf 90' lang='lat' dir='ltr'>premittitur,</span> <span class='ocrx_word' id='word_1_230' title='bbox 1297 4052 1465 4118; x_wconf 80' lang='lat' dir='ltr'>tacte</span> <span class='ocrx_word' id='word_1_231' title='bbox 1515 4070 1634 4118; x_wconf 92' lang='lat' dir='ltr'>seu</span> <span class='ocrx_word' id='word_1_232' title='bbox 1662 4050 1992 4130; x_wconf 80' lang='lat' dir='ltr'>&#39;faciende,</span> <span class='ocrx_word' id='word_1_233' title='bbox 2034 4050 2536 4135; x_wconf 91' lang='lat' dir='ltr'>acceptaciones</span> <span class='ocrx_word' id='word_1_234' title='bbox 2571 4052 2634 4115; x_wconf 91' lang='lat' dir='ltr'>et</span> <span class='ocrx_word' id='word_1_235' title='bbox 2667 4047 3087 4133; x_wconf 90' lang='lat' dir='ltr'>provisiones</span> <span class='ocrx_word' id='word_1_236' title='bbox 3121 4046 3512 4113; x_wconf 86' lang='lat' dir='ltr'>huiusmodi</span> 
     </span>
     <span class='ocr_line' id='line_1_31' title="bbox 539 4153 3512 4244; baseline -0.002 -18"><span class='ocrx_word' id='word_1_237' title='bbox 539 4159 814 4226; x_wconf 90' lang='lat' dir='ltr'>minime</span> <span class='ocrx_word' id='word_1_238' title='bbox 886 4160 1390 4244; x_wconf 89' lang='lat' dir='ltr'>processissent.</span> <span class='ocrx_word' id='word_1_239' title='bbox 1506 4159 1775 4239; x_wconf 91' lang='lat' dir='ltr'>Verum,</span> <span class='ocrx_word' id='word_1_240' title='bbox 1825 4158 1983 4243; x_wconf 91' lang='lat' dir='ltr'>quia</span> <span class='ocrx_word' id='word_1_241' title='bbox 2033 4159 2266 4243; x_wconf 91' lang='lat' dir='ltr'>posset</span> <span class='ocrx_word' id='word_1_242' title='bbox 2312 4156 2650 4241; x_wconf 91' lang='lat' dir='ltr'>aliquibus</span> <span class='ocrx_word' id='word_1_243' title='bbox 2699 4155 3042 4240; x_wconf 90' lang='lat' dir='ltr'>pervenire</span> <span class='ocrx_word' id='word_1_244' title='bbox 3090 4153 3157 4219; x_wconf 93' lang='lat' dir='ltr'>in</span> <span class='ocrx_word' id='word_1_245' title='bbox 3209 4153 3512 4231; x_wconf 91' lang='lat' dir='ltr'>dubium,</span> 
     </span>
     <span class='ocr_line' id='line_1_32' title="bbox 535 4259 3514 4349; baseline -0.002 -17"><span class='ocrx_word' id='word_1_246' title='bbox 535 4270 754 4333; x_wconf 91' lang='lat' dir='ltr'>utrum</span> <span class='ocrx_word' id='word_1_247' title='bbox 828 4265 894 4332; x_wconf 92' lang='lat' dir='ltr'>in</span> <span class='ocrx_word' id='word_1_248' title='bbox 963 4265 1308 4332; x_wconf 90' lang='lat' dir='ltr'>voluntate</span> <span class='ocrx_word' id='word_1_249' title='bbox 1379 4269 1444 4332; x_wconf 90' lang='lat' dir='ltr'>et</span> <span class='ocrx_word' id='word_1_250' title='bbox 1490 4264 1754 4332; x_wconf 91' lang='lat' dir='ltr'>decreto</span> <span class='ocrx_word' id='word_1_251' title='bbox 1803 4265 2050 4332; x_wconf 90' lang='lat' dir='ltr'>nostris</span> <span class='ocrx_word' id='word_1_252' title='bbox 2099 4263 2410 4349; x_wconf 90' lang='lat' dir='ltr'>predictis</span> <span class='ocrx_word' id='word_1_253' title='bbox 2460 4280 2585 4329; x_wconf 95' lang='lat' dir='ltr'>nos</span> <span class='ocrx_word' id='word_1_254' title='bbox 2634 4261 3082 4328; x_wconf 83' lang='lat' dir='ltr'>intelleximus</span> <span class='ocrx_word' id='word_1_255' title='bbox 3130 4259 3514 4346; x_wconf 89' lang='lat' dir='ltr'>dignitates,</span> 
     </span>
     <span class='ocr_line' id='line_1_33' title="bbox 535 4367 3514 4459; baseline -0.002 -19"><span class='ocrx_word' id='word_1_256' title='bbox 535 4373 987 4459; x_wconf 90' lang='lat' dir='ltr'>preposituras</span> <span class='ocrx_word' id='word_1_257' title='bbox 1037 4376 1391 4452; x_wconf 88' lang='lat' dir='ltr'>mensatas,</span> <span class='ocrx_word' id='word_1_258' title='bbox 1458 4374 1855 4458; x_wconf 91' lang='lat' dir='ltr'>personatus</span> <span class='ocrx_word' id='word_1_259' title='bbox 1905 4374 1969 4437; x_wconf 95' lang='lat' dir='ltr'>et</span> <span class='ocrx_word' id='word_1_260' title='bbox 2017 4370 2235 4437; x_wconf 78' lang='lat' dir='ltr'>officia</span> <span class='ocrx_word' id='word_1_261' title='bbox 2285 4369 2730 4436; x_wconf 91' lang='lat' dir='ltr'>ecclesiastica</span> <span class='ocrx_word' id='word_1_262' title='bbox 2778 4370 2890 4434; x_wconf 92' lang='lat' dir='ltr'>aut</span> <span class='ocrx_word' id='word_1_263' title='bbox 2936 4367 3145 4434; x_wconf 91' lang='lat' dir='ltr'>eciam</span> <span class='ocrx_word' id='word_1_264' title='bbox 3195 4385 3514 4451; x_wconf 91' lang='lat' dir='ltr'>quorum-</span> 
     </span>
     <span class='ocr_line' id='line_1_34' title="bbox 534 4474 3516 4566; baseline -0.002 -19"><span class='ocrx_word' id='word_1_265' title='bbox 534 4498 800 4566; x_wconf 90' lang='lat' dir='ltr'>cunque</span> <span class='ocrx_word' id='word_1_266' title='bbox 850 4479 1245 4565; x_wconf 87' lang='lat' dir='ltr'>regularium</span> <span class='ocrx_word' id='word_1_267' title='bbox 1297 4480 1624 4565; x_wconf 90' lang='lat' dir='ltr'>prioratus</span> <span class='ocrx_word' id='word_1_268' title='bbox 1674 4496 1790 4544; x_wconf 91' lang='lat' dir='ltr'>seu</span> <span class='ocrx_word' id='word_1_269' title='bbox 1844 4477 2081 4562; x_wconf 93' lang='lat' dir='ltr'>quevis</span> <span class='ocrx_word' id='word_1_270' title='bbox 2130 4476 2734 4543; x_wconf 75' lang='lat' dir='ltr'>eorumbeneticia</span> <span class='ocrx_word' id='word_1_271' title='bbox 2780 4476 2885 4541; x_wconf 91' lang='lat' dir='ltr'>vel</span> <span class='ocrx_word' id='word_1_272' title='bbox 2921 4474 3141 4540; x_wconf 85' lang='lat' dir='ltr'>officia</span> <span class='ocrx_word' id='word_1_273' title='bbox 3173 4492 3326 4540; x_wconf 92' lang='lat' dir='ltr'>curn</span> <span class='ocrx_word' id='word_1_274' title='bbox 3364 4493 3516 4542; x_wconf 86' lang='lat' dir='ltr'>cura</span> 
     </span>
     <span class='ocr_line' id='line_1_35' title="bbox 531 4581 3592 4669; baseline -0.002 -15"><span class='ocrx_word' id='word_1_275' title='bbox 531 4589 638 4654; x_wconf 92' lang='lat' dir='ltr'>vel</span> <span class='ocrx_word' id='word_1_276' title='bbox 709 4588 854 4654; x_wconf 90' lang='lat' dir='ltr'>sine</span> <span class='ocrx_word' id='word_1_277' title='bbox 923 4604 1075 4653; x_wconf 90' lang='lat' dir='ltr'>cura</span> <span class='ocrx_word' id='word_1_278' title='bbox 1147 4605 1266 4653; x_wconf 90' lang='lat' dir='ltr'>seu</span> <span class='ocrx_word' id='word_1_279' title='bbox 1336 4586 1770 4654; x_wconf 86' lang='lat' dir='ltr'>canonicatus</span> <span class='ocrx_word' id='word_1_280' title='bbox 1864 4588 1928 4651; x_wconf 90' lang='lat' dir='ltr'>et</span> <span class='ocrx_word' id='word_1_281' title='bbox 1998 4583 2394 4669; x_wconf 91' lang='lat' dir='ltr'>prebendas,</span> <span class='ocrx_word' id='word_1_282' title='bbox 2467 4600 2641 4668; x_wconf 92' lang='lat' dir='ltr'>quos</span> <span class='ocrx_word' id='word_1_283' title='bbox 2711 4583 3036 4649; x_wconf 87' lang='lat' dir='ltr'>habentes</span> <span class='ocrx_word' id='word_1_284' title='bbox 3104 4581 3210 4647; x_wconf 87' lang='lat' dir='ltr'>vel</span> <span class='ocrx_word' id='word_1_285' title='bbox 3274 4585 3519 4648; x_wconf 86' lang='lat' dir='ltr'>extunc</span> <span class='ocrx_word' id='word_1_286' title='bbox 3588 4617 3592 4621; x_wconf 95' lang='lat'><em>·</em></span> 
     </span>
     <span class='ocr_line' id='line_1_36' title="bbox 534 4691 3516 4779; baseline -0.002 -19"><span class='ocrx_word' id='word_1_287' title='bbox 534 4695 843 4773; x_wconf 89' lang='lat' dir='ltr'>habituri,</span> <span class='ocrx_word' id='word_1_288' title='bbox 892 4692 1272 4779; x_wconf 89' lang='lat' dir='ltr'>dignitates,</span> <span class='ocrx_word' id='word_1_289' title='bbox 1323 4695 1743 4779; x_wconf 91' lang='lat' dir='ltr'>personatus,</span> <span class='ocrx_word' id='word_1_290' title='bbox 1794 4691 2037 4770; x_wconf 79' lang='lat' dir='ltr'>officia,</span> <span class='ocrx_word' id='word_1_291' title='bbox 2101 4691 2555 4776; x_wconf 90' lang='lat' dir='ltr'>preposituras</span> <span class='ocrx_word' id='word_1_292' title='bbox 2605 4707 2723 4756; x_wconf 89' lang='lat' dir='ltr'>seu</span> <span class='ocrx_word' id='word_1_293' title='bbox 2774 4691 3111 4755; x_wconf 91' lang='lat' dir='ltr'>mensatas</span> <span class='ocrx_word' id='word_1_294' title='bbox 3158 4705 3312 4754; x_wconf 90' lang='lat' dir='ltr'>curn</span> <span class='ocrx_word' id='word_1_295' title='bbox 3364 4707 3516 4755; x_wconf 92' lang='lat' dir='ltr'>cura</span> 
     </span>
     <span class='ocr_line' id='line_1_37' title="bbox 532 4794 3513 4887; baseline -0.002 -20"><span class='ocrx_word' id='word_1_296' title='bbox 532 4802 639 4867; x_wconf 94' lang='lat' dir='ltr'>vel</span> <span class='ocrx_word' id='word_1_297' title='bbox 709 4801 856 4867; x_wconf 93' lang='lat' dir='ltr'>sine</span> <span class='ocrx_word' id='word_1_298' title='bbox 922 4818 1094 4879; x_wconf 93' lang='lat' dir='ltr'>cura,</span> <span class='ocrx_word' id='word_1_299' title='bbox 1144 4819 1263 4887; x_wconf 91' lang='lat' dir='ltr'>per</span> <span class='ocrx_word' id='word_1_300' title='bbox 1329 4818 1457 4866; x_wconf 92' lang='lat' dir='ltr'>nos</span> <span class='ocrx_word' id='word_1_301' title='bbox 1528 4802 1684 4865; x_wconf 94' lang='lat' dir='ltr'>tunc</span> <span class='ocrx_word' id='word_1_302' title='bbox 1731 4797 2053 4883; x_wconf 89' lang='lat' dir='ltr'>temporis</span> <span class='ocrx_word' id='word_1_303' title='bbox 2102 4798 2476 4883; x_wconf 89' lang='lat' dir='ltr'>specialiter</span> <span class='ocrx_word' id='word_1_304' title='bbox 2523 4799 2850 4863; x_wconf 90' lang='lat' dir='ltr'>reservata</span> <span class='ocrx_word' id='word_1_305' title='bbox 2898 4796 3002 4861; x_wconf 91' lang='lat' dir='ltr'>vel</span> <span class='ocrx_word' id='word_1_306' title='bbox 3052 4794 3118 4861; x_wconf 93' lang='lat' dir='ltr'>in</span> <span class='ocrx_word' id='word_1_307' title='bbox 3168 4797 3513 4880; x_wconf 89' lang='lat' dir='ltr'>posterum</span> 
     </span>
     <span class='ocr_line' id='line_1_38' title="bbox 536 4902 3514 4987; baseline -0.002 -13"><span class='ocrx_word' id='word_1_308' title='bbox 536 4908 951 4987; x_wconf 91' lang='lat' dir='ltr'>reservanda,</span> <span class='ocrx_word' id='word_1_309' title='bbox 1023 4909 1414 4974; x_wconf 91' lang='lat' dir='ltr'>obtinebant</span> <span class='ocrx_word' id='word_1_310' title='bbox 1482 4906 1587 4972; x_wconf 94' lang='lat' dir='ltr'>vel</span> <span class='ocrx_word' id='word_1_311' title='bbox 1659 4906 2039 4972; x_wconf 90' lang='lat' dir='ltr'>obtinerent</span> <span class='ocrx_word' id='word_1_312' title='bbox 2087 4905 2153 4970; x_wconf 93' lang='lat' dir='ltr'>in</span> <span class='ocrx_word' id='word_1_313' title='bbox 2204 4908 2398 4971; x_wconf 92' lang='lat' dir='ltr'>antea</span> <span class='ocrx_word' id='word_1_314' title='bbox 2469 4904 2534 4969; x_wconf 93' lang='lat' dir='ltr'>in</span> <span class='ocrx_word' id='word_1_315' title='bbox 2596 4903 2726 4970; x_wconf 93' lang='lat' dir='ltr'>illis</span> <span class='ocrx_word' id='word_1_316' title='bbox 2775 4902 3095 4981; x_wconf 80' lang='lat' dir='ltr'>ecclesiiS,</span> <span class='ocrx_word' id='word_1_317' title='bbox 3146 4902 3212 4968; x_wconf 95' lang='lat' dir='ltr'>in</span> <span class='ocrx_word' id='word_1_318' title='bbox 3264 4903 3514 4987; x_wconf 91' lang='lat' dir='ltr'>quibus</span> 
     </span>
     <span class='ocr_line' id='line_1_39' title="bbox 534 5009 3516 5100; baseline -0.002 -19"><span class='ocrx_word' id='word_1_319' title='bbox 534 5015 973 5081; x_wconf 90' lang='lat' dir='ltr'>consisterent</span> <span class='ocrx_word' id='word_1_320' title='bbox 1022 5015 1404 5100; x_wconf 80' lang='lat' dir='ltr'>dignitateS,</span> <span class='ocrx_word' id='word_1_321' title='bbox 1456 5016 1876 5099; x_wconf 92' lang='lat' dir='ltr'>personatus,</span> <span class='ocrx_word' id='word_1_322' title='bbox 1926 5012 2167 5091; x_wconf 78' lang='lat' dir='ltr'>officia,</span> <span class='ocrx_word' id='word_1_323' title='bbox 2217 5011 2632 5097; x_wconf 90' lang='lat' dir='ltr'>prepositure</span> <span class='ocrx_word' id='word_1_324' title='bbox 2666 5009 2787 5076; x_wconf 78' lang='lat' dir='ltr'>se‘u</span> <span class='ocrx_word' id='word_1_325' title='bbox 2835 5011 3135 5076; x_wconf 92' lang='lat' dir='ltr'>mensate</span> <span class='ocrx_word' id='word_1_326' title='bbox 3183 5013 3516 5076; x_wconf 87' lang='lat' dir='ltr'>reservate</span> 
     </span>
     <span class='ocr_line' id='line_1_40' title="bbox 533 5116 3515 5207; baseline -0.002 -19"><span class='ocrx_word' id='word_1_327' title='bbox 533 5122 639 5188; x_wconf 89' lang='lat' dir='ltr'>vel</span> <span class='ocrx_word' id='word_1_328' title='bbox 696 5121 1111 5200; x_wconf 88' lang='lat' dir='ltr'>reservande‚</span> <span class='ocrx_word' id='word_1_329' title='bbox 1179 5124 1248 5187; x_wconf 94' lang='lat' dir='ltr'>ut</span> <span class='ocrx_word' id='word_1_330' title='bbox 1296 5121 1709 5207; x_wconf 91' lang='lat' dir='ltr'>premittitur,</span> <span class='ocrx_word' id='word_1_331' title='bbox 1761 5119 2262 5204; x_wconf 89' lang='lat' dir='ltr'>comprehendi,</span> <span class='ocrx_word' id='word_1_332' title='bbox 2313 5118 2642 5204; x_wconf 92' lang='lat' dir='ltr'>presentis</span> <span class='ocrx_word' id='word_1_333' title='bbox 2689 5116 3196 5183; x_wconf 91' lang='lat' dir='ltr'>constitucionis</span> <span class='ocrx_word' id='word_1_334' title='bbox 3245 5117 3515 5184; x_wconf 90' lang='lat' dir='ltr'>oraculo</span> 
     </span>
     <span class='ocr_line' id='line_1_41' title="bbox 535 5224 3516 5311; baseline -0.002 -16"><span class='ocrx_word' id='word_1_335' title='bbox 535 5229 946 5295; x_wconf 88' lang='lat' dir='ltr'>declaramus</span> <span class='ocrx_word' id='word_1_336' title='bbox 994 5229 1403 5295; x_wconf 89' lang='lat' dir='ltr'>voluntatem</span> <span class='ocrx_word' id='word_1_337' title='bbox 1454 5231 1518 5294; x_wconf 92' lang='lat' dir='ltr'>et</span> <span class='ocrx_word' id='word_1_338' title='bbox 1550 5227 1886 5294; x_wconf 91' lang='lat' dir='ltr'>decretum</span> <span class='ocrx_word' id='word_1_339' title='bbox 1923 5229 2148 5292; x_wconf 91' lang='lat' dir='ltr'>nostra</span> <span class='ocrx_word' id='word_1_340' title='bbox 2193 5225 2503 5311; x_wconf 89' lang='lat' dir='ltr'>predicta,</span> <span class='ocrx_word' id='word_1_341' title='bbox 2553 5225 2633 5291; x_wconf 93' lang='lat' dir='ltr'>ad</span> <span class='ocrx_word' id='word_1_342' title='bbox 2669 5224 3027 5309; x_wconf 87' lang='lat' dir='ltr'>dignitates</span> <span class='ocrx_word' id='word_1_343' title='bbox 3061 5224 3516 5309; x_wconf 89' lang='lat' dir='ltr'>preposituras</span> 
     </span>
     <span class='ocr_line' id='line_1_42' title="bbox 536 5330 3517 5421; baseline -0.002 -18"><span class='ocrx_word' id='word_1_344' title='bbox 536 5340 894 5415; x_wconf 87' lang='lat' dir='ltr'>mensatas,</span> <span class='ocrx_word' id='word_1_345' title='bbox 944 5338 1340 5421; x_wconf 89' lang='lat' dir='ltr'>personatus</span> <span class='ocrx_word' id='word_1_346' title='bbox 1389 5338 1456 5402; x_wconf 88' lang='lat' dir='ltr'>et</span> <span class='ocrx_word' id='word_1_347' title='bbox 1500 5334 1720 5401; x_wconf 76' lang='lat' dir='ltr'>officia</span> <span class='ocrx_word' id='word_1_348' title='bbox 1768 5332 2156 5400; x_wconf 89' lang='lat' dir='ltr'>huiusmodi</span> <span class='ocrx_word' id='word_1_349' title='bbox 2206 5334 2347 5399; x_wconf 90' lang='lat' dir='ltr'>sive</span> <span class='ocrx_word' id='word_1_350' title='bbox 2394 5350 2615 5399; x_wconf 91' lang='lat' dir='ltr'>curam</span> <span class='ocrx_word' id='word_1_351' title='bbox 2650 5332 2939 5398; x_wconf 86' lang='lat' dir='ltr'>habeant</span> <span class='ocrx_word' id='word_1_352' title='bbox 2970 5330 3344 5397; x_wconf 88' lang='lat' dir='ltr'>animarum</span> <span class='ocrx_word' id='word_1_353' title='bbox 3380 5332 3517 5397; x_wconf 90' lang='lat' dir='ltr'>sive</span> 
     </span>
    </p>
   </div>
  </div>
 </body>
</html>
