3688 5825
1646 288 1731 346 65

187 497 719 563 reservacionem
762 494 1125 582 predictam
1165 494 1479 560 duximus
1507 512 1624 579 per
1649 497 1913 560 nostras
1938 494 2093 560 certi
2118 493 2372 559 tenoris
2398 492 2643 558 litteras
2663 491 3180 577 prorogandam.

188 603 390 682 Sane,
421 604 709 669 instante
736 621 913 669 nunc
938 602 1073 669 tine
1100 601 1254 667 dicti
1282 600 1557 667 secundi
1585 601 1864 680 biennii,
1889 619 2015 666 nos
2041 599 2297 666 eisdem
2328 599 2489 665 moti
2517 597 3182 665 consideracionibus

188 714 251 777 et
314 710 593 789 inducti,
643 710 1190 787 reservacionem,
1249 708 1727 774 inhibicionem
1792 711 1856 773 et
1904 706 2208 773 decetum
2260 705 2551 792 predicta
2601 724 2816 790 usque
2867 705 2958 771 ad
3009 704 3183 771 duos

185 835 410 883 annos
491 836 528 883 a
606 817 707 887 Kl.
788 815 1034 902 Aprilis
1128 815 1427 901 proxime
1530 814 1726 880 futuri
1820 817 2061 880 extunc
2081 816 2128 900 ι)
2214 812 2709 898 computandos
2795 813 3180 879 auctoritate

186 924 566 1009 apostolica
614 927 843 989 tenore
894 922 1312 1008 presencium
1362 920 1785 987 extendimus
1833 939 1911 987 ac
1959 921 2166 987 eciam
2204 938 2666 1006 prorogamus.
2745 919 3065 985 Volentes
3108 937 3184 985 ac

186 1029 651 1109 decernenteS,
701 1030 1229 1096 reservacionem
1266 1028 1480 1113 ipsam
1531 1027 1614 1094 ad
1666 1028 1998 1093 seculares
2055 1031 2120 1094 et
2168 1027 2524 1113 regulareS,
2580 1030 2714 1092 tam
2771 1025 3182 1092 cathedrales

186 1156 392 1223 quam
454 1137 833 1204 abbaciales
888 1155 964 1203 ac
1012 1136 1176 1202 alias
1241 1153 1675 1219 quascunque
1733 1134 2140 1219 collegiatas,
2194 1137 2612 1219 preterquam
2663 1132 3060 1198 monialium
3113 1135 3180 1198 et

185 1243 465 1309 aliarum
505 1244 963 1327 religiosarum
1002 1242 1374 1319 mulierum,
1404 1241 1738 1319 ecclesiaS,
1774 1243 2120 1325 exemptas
2148 1244 2211 1305 et
2239 1258 2375 1306 non
2411 1243 2778 1324 exemptas,
2830 1239 3182 1324 quibusvis

184 1349 767 1416 declaracionibus
855 1349 1102 1414 nostris
1188 1348 1352 1414 alias
1436 1347 1624 1413 iactis
1710 1365 1912 1433 super
2004 1348 2130 1414 hoc
2222 1365 2648 1431 nequaquam
2730 1346 3179 1423 obstantibus,

183 1455 704 1523 extendendam.
796 1455 978 1522 Nulli
1028 1473 1188 1540 ergo
1238 1458 1360 1520 etc.
1454 1453 1700 1520 Datum
1753 1454 2085 1520 Avinione
2130 1453 2228 1519 IV.
2280 1454 2407 1519 kal.
2455 1451 2700 1539 Aprilis
2752 1452 3180 1538 pontificatus

184 1564 402 1629 nostri
453 1583 512 1629 a.
564 1562 943 1629 undecimo.

396 1670 556 1737 Item
617 1671 682 1735 in
742 1669 1106 1743 Ravennat.
1156 1668 1532 1734 civitatibus
1582 1671 1647 1733 et
1695 1666 2081 1734 diocesibus
2130 1684 2207 1733 ac
2256 1667 2637 1750 provinciis.

398 1777 555 1843 Item
615 1778 681 1843 in
742 1776 963 1842 pisan.

397 1885 556 1950 ltem
616 1884 680 1949 in
737 1883 1021 1949 Januen.

397 1991 556 2056 ltem
615 1991 681 2056 in
739 1990 1136 2075 Aquilegen.

396 2098 554 2163 Item
615 2098 680 2163 in
740 2096 1030 2163 Graden.

312 2259 359 2323 ¹)
403 2257 679 2310 continue:
723 2256 852 2325 Reg.
894 2254 1013 2308 Vat.

186 2532 321 2588 1327
362 2532 545 2586 Martii
585 2532 669 2587 29.
1628 2424 1744 2502 Μ’

181 2623 312 2693 Reg.
355 2621 476 2676 Vat.
517 2623 552 2675 t.
597 2621 695 2675 114
732 2620 803 2675 n⁰
839 2620 961 2676 217.

1272 2746 1552 2850 Legato
1611 2744 2085 2824 Lombardie.

398 2889 610 2959 Olim
645 2889 736 2957 ad
772 2892 1057 2956 statum
1094 2890 1386 2975 parcium
1423 2888 1600 2955 ltalie
1635 2891 1751 2955 etc.
1783 2889 2101 2972 utsupra
2127 2885 2359 2953 verbis
2385 2886 2842 2971 competenter
2863 2886 3168 2952 mutatis

398 2997 726 3079 Quocirca
798 2997 1187 3063 discrecioni
1256 2999 1366 3061 tue
1440 3015 1555 3082 per
1612 2995 1983 3080 apostolica
2034 2995 2277 3079 scripta
2347 2993 2766 3073 mandamus,
2839 2996 3171 3079 quatenus

180 3125 298 3191 per
367 3108 430 3171 te
502 3105 607 3170 vel
676 3104 877 3170 alium
951 3122 1068 3170 seu
1141 3104 1312 3170 alios
1382 3104 1448 3168 in
1516 3103 1681 3169 locis
1753 3101 2191 3187 predictarum
2265 3101 2544 3166 civitatis
2612 3103 2676 3166 et
2736 3099 3030 3166 diocesis
3098 3119 3173 3166 ac

178 3213 526 3298 provincie
584 3211 945 3285 Ravennat.
997 3210 1160 3275 inira
1216 3213 1326 3275 tue
1386 3209 1756 3295 legacionis
1805 3209 2130 3274 terminos
2186 3208 2734 3285 consistentibus,
2785 3206 2867 3271 de
2919 3207 3168 3291 quibus

177 3320 294 3385 tibi
368 3318 716 3396 videbitur,
788 3317 1250 3383 extensionem
1302 3319 1364 3381 et
1414 3316 1970 3401 prorogacionem
2045 3314 2372 3399 predictas
2422 3316 2484 3379 et
2532 3313 2658 3379 alia
2729 3316 3038 3380 contenta
3103 3314 3168 3379 in

177 3426 433 3492 eisdem
492 3426 738 3503 litteris,
811 3427 879 3489 ut
939 3423 1161 3489 nullus
1206 3426 1505 3507 pretextu
1556 3422 1941 3508 ignorancie
1990 3422 2293 3487 velamen
2342 3419 2800 3487 excusacionis
2849 3422 3167 3498 assumat,

176 3532 454 3599 studeas
482 3532 837 3617 publicare,
873 3529 1181 3597 iaciendo
1212 3529 1294 3595 de
1331 3529 1794 3615 publicacione
1830 3527 2220 3594 huiusmodi
2256 3528 2395 3594 fieri
2430 3527 2695 3612 publica
2731 3527 3168 3593 instrumenta

178 3640 418 3705 horum
471 3639 705 3704 seriem
755 3638 1193 3715 continencia,
1260 3655 1390 3721 que
1440 3637 1641 3703 nobis
1691 3637 1946 3701 mittere
1996 3653 2134 3701 non
2186 3637 2580 3720 postponas.

396 3746 550 3811 ltem
613 3744 828 3811 eidem
895 3745 1114 3830 legato
1165 3745 1230 3809 in
1299 3743 1538 3809 eodem
1603 3742 1811 3809 modo
1875 3743 1941 3808 in
1999 3742 2258 3808 civitate
2323 3759 2398 3807 ac
2459 3740 2630 3807 dioc.
2697 3744 2760 3806 et
2824 3741 3166 3826 provincia

1794 3848 2078 3915 Januen.
2131 3849 2298 3915 sicut
2347 3848 2412 3913 in
2464 3847 2774 3914 secunda.

1698 3983 1720 4012 =
1785 3954 2146 4029 Ravennat.
2198 3952 2380 4040 (sici)
2429 3955 2596 4020 sicut
2644 3954 2710 4019 in
2761 3953 3159 4019 executoria.

1701 4090 1721 4118 ε
1785 4061 2241 4128 Mediolanen.
2681 4067 2689 4074 ‘

394 4192 548 4257 Item
600 4191 824 4275 legato
872 4187 1109 4254 Tuscie
1168 4190 1233 4253 in
1306 4187 1546 4253 eodem
1599 4185 1803 4252 modo
1856 4187 1920 4252 in
1970 4187 2229 4252 civitate
2279 4188 2395 4252 etc.
2447 4188 2511 4251 et
2554 4185 2891 4271 provincia
2927 4182 3152 4249 Pisan.

174 4300 343 4365 sicut
393 4299 459 4364 in
509 4296 885 4363 executoria
937 4298 1191 4361 mutato
1239 4294 1515 4360 nomine
1565 4293 1787 4378 legati.

390 4404 540 4471 Dat.
591 4407 659 4469 ut
708 4402 942 4487 Supra.

1632 4587 1746 4665 12.

178 4700 312 4755 1329
350 4698 528 4753 Martii
568 4696 652 4751 28.

175 4788 312 4843 Cod.
353 4786 415 4842 B.
454 4786 547 4840 fol.
588 4786 672 4840 71.

566 4927 730 5007 Alia
788 4932 1233 5032 prorogacio
1296 4932 1894 5006 reservacionum
1954 4931 2026 5004 in
2086 4929 2489 5028 provinciis
2546 4923 2766 5002 ltalie.

1072 5069 1195 5149 Ad
1252 5071 1571 5149 futuram
1632 5075 1728 5147 rei
1792 5073 2256 5147 memoriam.
2362 5119 2370 5130 ·

388 5214 610 5281 Circa
682 5216 965 5279 statum
1039 5214 1331 5298 parcium
1384 5212 1562 5278 ltalie
1636 5211 1987 5277 salubriter
2050 5212 2315 5277 auctore
2388 5207 2669 5273 domino
2732 5205 3157 5291 dirigendum

173 5323 638 5391 convertentes
684 5319 938 5385 dudum
987 5319 1206 5386 studia
1262 5320 1504 5385 mentis
1552 5322 1776 5384 nostre
1810 5319 1873 5383 et
1905 5319 2272 5402 cupientes,
2323 5315 2491 5380 utin
2528 5314 2823 5380 ecclesiis
2860 5314 3156 5398 parcium

2811 5438 2842 5488 5

1192 5588 1321 5640 ass-

1450 5576 1455 5584 ›

245 5599 291 5657 s
1190 5639 1346 5657 *⁴
1406 5637 1414 5640 ²

1760 5682 1893 5714 2'>-',›.
1925 5699 1961 5712 ,-

1761 5711 1838 5738 Νη,
1861 5707 1868 5739 Γ
1931 5711 1951 5736 I
1973 5726 1979 5732 1
1999 5728 2008 5736 ,
2036 5680 2057 5758 ³

1802 5741 1817 5756 ,-
1841 5743 1877 5766 ,ιι
1911 5739 1950 5766 ἦ..
2003 5741 2006 5744 Α

1656 5787 1703 5793 ..⁴
1804 5760 1856 5786 ⁶⁴*
1901 5768 1934 5792 ‘s‘
2046 5766 2057 5793 l
