3688 5825
1998 297 2081 355 60

556 624 691 680 1324
729 624 875 695 Sept.
915 625 1002 682 27.

552 713 683 786 Reg.
723 714 845 769 Vat.
885 715 918 768 1.
958 730 1003 769 c.
1042 713 1112 768 n⁰
1148 714 1270 770 333.

1901 895 2205 975 Eidem:

759 1054 1235 1122 Serenitatis
1261 1059 1388 1121 tue
1417 1056 1758 1135 litteras,
1803 1074 1919 1140 per
1946 1074 2113 1142 quas
2141 1056 2341 1123 nobis
2371 1057 2797 1124 vacacionem
2826 1056 3226 1124 Olomucen.
3255 1058 3542 1124 ecclesie

550 1162 981 1229 innotescens
1031 1163 1487 1249 provisionem
1532 1163 1707 1229 illius
1740 1163 1863 1229 hac
1897 1163 2038 1230 vice
2087 1164 2398 1230 reservari
2435 1163 2874 1249 disposicioni
2933 1164 3115 1231 sedis
3163 1165 3541 1250 apostolice

551 1269 820 1353 petiisti,
896 1271 1189 1356 benigne
1262 1270 1633 1355 recepimus
1704 1274 1769 1337 et
1840 1270 2289 1337 intelleximus
2360 1269 2731 1356 diligenter.
2872 1270 3147 1357 Regiam
3226 1271 3542 1338 volentes

551 1375 1049 1460 providenciam
1120 1395 1255 1443 non
1328 1377 1550 1456 latere,
1623 1376 1807 1463 quod
1880 1381 2032 1444 ante
2104 1378 2552 1463 receptionem
2639 1376 2998 1444 litterarum
3058 1378 3354 1463 ipsarum
3407 1385 3541 1445 n‘os

550 1482 937 1568 hujusmodi
1016 1486 1372 1553 vacacione
1460 1485 1730 1570 prestita
1837 1483 2278 1570 disposicioni
2384 1487 2608 1550 nostre
2700 1483 3102 1551 duxeramus
3210 1484 3536 1570 prefatam

548 1589 894 1657 ecclesiam
930 1592 1420 1671 reservandam,
1450 1592 1758 1677 quamvis
1788 1609 1926 1658 non
1959 1590 2385 1657 intendamus
2414 1592 2867 1677 provisionem
2903 1591 3122 1658 eidem
3155 1591 3538 1658 faciendam

548 1696 825 1763 ecclesie
912 1697 1245 1765 festinare.
1384 1697 1713 1779 Quocirca
1805 1700 1987 1764 tuam
2079 1697 2549 1764 celsitudinem
2638 1698 3088 1777 exhortamur,
3197 1702 3539 1784 quatenus

547 1821 904 1888 personam
952 1806 1073 1872 tibi
1123 1809 1376 1891 gratam
1427 1809 1492 1871 et
1540 1803 1878 1884 idoneam,
1929 1823 2059 1889 que
2109 1804 2192 1871 ad
2242 1805 2565 1871 honorem
2624 1803 2732 1871 dei
2796 1809 2860 1870 et
2916 1805 3130 1892 ipsius
3179 1806 3534 1872 utilitatem

548 1909 824 1976 ecclesie
895 1914 1151 1998 absque
1222 1916 1447 1978 nostre
1506 1911 1925 1978 consciencie
1988 1912 2244 1978 lesione
2309 1912 2373 1977 in
2424 1915 2660 1978 eadem
2710 1911 2989 1978 ecclesia
3037 1911 3264 1997 prefici
3317 1912 3538 1979 valeat

546 2016 746 2083 nobis
796 2017 1069 2086 studeas
1118 2019 1487 2086 nominare.

756 2141 906 2209 Dat.
954 2142 1288 2211 Avinione
1335 2144 1411 2210 V.
1463 2142 1725 2210 kalend.
1776 2141 2091 2210 Octobris
2140 2161 2197 2208 a.
2247 2140 2513 2228 nono.¹)

674 2354 718 2422 ¹)
757 2353 838 2409 Cf.
879 2355 1057 2410 Emler
1093 2357 1127 2411 l.
1167 2372 1211 2411 c.
1250 2354 1323 2410 n⁰
1363 2356 1514 2412 1014.
1590 2356 1774 2425 (Extr.)

880 2444 1064 2501 Dudlk
1103 2446 1136 2500 l.
1175 2461 1219 2500 c.
1259 2443 1332 2499 n⁰
1368 2444 1453 2501 79.
1528 2444 1711 2514 (Extr.)

547 2853 684 2910 1333
720 2854 850 2909 Maii
888 2854 939 2909 2.

542 2943 674 3015 Reg.
713 2943 834 3000 Vat.
874 2945 910 2998 t.
955 2944 1054 2998 117
1091 2942 1161 2997 n⁰
1196 2942 1318 2999 563.

1408 3159 1671 3239 Eidem
1728 3157 1909 3263 Regi
1970 3158 2052 3263 (i.
2098 3185 2157 3239 e.
2202 3159 2648 3265 Franciae).

748 3321 861 3388 Ad
926 3339 1045 3401 ea,
1140 3339 1309 3406 que,
1388 3320 1485 3387 iili
1578 3320 1951 3400 carissime,
2030 3338 2231 3406 super
2305 3320 2737 3388 ordinacione
2813 3320 3090 3388 ecclesie
3164 3319 3527 3388 Nivernen.

540 3428 1045 3515 circumspectio
1095 3429 1276 3514 regia
1324 3427 1522 3494 nobis
1593 3427 1876 3513 scripsit,
1949 3427 2233 3494 breviter
2301 3427 2809 3513 respondemus,
2883 3427 3088 3513 quod,
3160 3430 3525 3513 antequam

541 3536 1029 3623 recepissemus
1108 3553 1310 3621 super
1399 3536 1527 3602 hoc
1616 3534 1863 3601 litteras
1943 3534 2191 3619 regiaS,
2286 3537 2555 3620 propter
2632 3535 2989 3602 multorum
3069 3535 3524 3620 importunam

542 3643 935 3710 instanciam
986 3643 1185 3709 simul
1233 3642 1424 3727 quasi
1476 3642 1877 3709 instancium
1937 3659 2057 3727 pro
2107 3640 2407 3719 diversis,
2471 3640 2599 3708 deo
2650 3642 3103 3727 promisimus,
3153 3641 3340 3727 quod
3396 3660 3525 3708 nos

542 3768 678 3817 non
728 3750 1318 3816 intromitteremus
1365 3748 1449 3815 de
1497 3748 1669 3815 dicta
1719 3749 1998 3815 ecclesia
2047 3748 2170 3815 ista
2205 3748 2368 3827 vice,
2419 3747 2860 3827 intendenteS,
2914 3747 3097 3834 quod
3129 3747 3524 3833 capitulum,

540 3856 624 3923 ad
674 3875 849 3943 quos
909 3857 1081 3941 [sici]
1127 3856 1361 3923 electio
1411 3855 1496 3923 de
1554 3856 1691 3921 iure
1740 3855 2046 3941 pertinet,
2111 3858 2306 3941 prout
2351 3854 2683 3921 videretur
2728 3855 2826 3922 eis
2880 3854 3191 3941 expedire
3240 3855 3525 3922 ecclesie

538 3963 892 4043 ordinaret,
943 3982 1146 4049 quare
1193 3981 1321 4030 nos
1370 3963 1610 4029 habeat
1659 3961 2085 4048 providencia
2135 3961 2314 4047 regia
2362 3979 2564 4047 super
2610 3962 2738 4028 hoc
2785 3964 3157 4028 excusatos

747 4088 994 4155 Datum
1042 4087 1375 4154 Avinione
1422 4087 1525 4154 Vl.
1574 4104 1734 4154 non.
1783 4086 1945 4153 Maii
1995 4105 2052 4152 a.
2103 4085 2364 4153 decimo
2415 4085 2725 4172 septimo.

1990 4388 2061 4468 5.

538 4514 670 4569 1321
712 4513 859 4584 Sept.
897 4513 949 4569 9.

535 4602 666 4675 Reg.
703 4602 824 4659 Vat.
862 4603 900 4657 t.
943 4604 1037 4659 111
1079 4601 1172 4658 tol.
1210 4599 1386 4657 94t0.

1371 4832 1495 4913 Ad
1553 4838 1991 4937 perpetuam
2053 4838 2152 4913 rei
2210 4837 2673 4913 memoriam.

739 4994 1117 5061 Militanti
1167 4994 1509 5062 ecclesie
1559 4994 1964 5081 disponente
2009 4993 2291 5060 domino
2340 4992 2488 5059 licet
2521 4990 2829 5058 immeriti
2865 4989 3303 5076 presidentes,
3352 4991 3522 5059 circa

531 5119 754 5170 curam
825 5101 1127 5168 omniurn
1164 5100 1625 5168 -ecclesiarum
1690 5101 1968 5168 solercia
2033 5099 2368 5167 reddimur
2444 5098 2778 5165 indefessa
2854 5096 3129 5176 soliciti,
3203 5101 3274 5163 ut
3338 5098 3516 5165 iuxta

534 5209 885 5296 pastoralis
944 5209 1148 5276 officii
1222 5208 1522 5276 debitum
1594 5207 1821 5274 crediti
1893 5207 2091 5274 nobis
2160 5207 2386 5293 gregis
2435 5205 2754 5272 dominici
2825 5203 3199 5272 custodiam
3248 5205 3522 5272 viriliter

531 5335 759 5403 gerere
816 5316 1042 5383 divina
1104 5319 1508 5401 cooperante
1577 5315 1940 5381 clemencia
2004 5313 2391 5380 studeamus
2440 5316 2506 5380 et
2552 5330 2965 5398 quamquam
3028 5310 3304 5379 assidue
3351 5313 3516 5380 circa
