3688 5825
1668 304 1749 364 97

221 508 516 594 predicte
553 510 892 577 solverunt
925 510 1099 597 (sic),
1148 511 1532 598 dictumque
1581 511 1908 577 decanum
1959 511 2143 576 omni
2192 510 2434 577 actioni
2484 510 2610 576 sibi
2659 512 2885 576 contra
2933 527 3052 576 eos
3100 511 3203 576 vel

215 635 451 682 eorum
500 617 794 683 fautores
843 620 1322 703 premissorum
1373 619 1730 686 occasione
1762 619 2171 703 competenti
2213 617 2316 683 vel
2349 617 2786 702 competiture
2822 617 3205 683 renunciare

216 741 335 808 per
407 724 847 789 iuramentum
898 727 1238 792 eteorum
1312 725 1732 792 absolucioni
1802 724 2180 791 consentire
2252 723 2576 808 compulit
2637 724 2701 789 et
2771 723 2866 789 sic
2913 722 3202 789 eundem

214 828 555 895 decanumw
619 829 871 896 eisdem
939 833 1197 899 civibus
1246 832 1775 899 Coloniensibus
1822 831 2113 898 finaliter
2171 831 2491 897 liberavit.
2589 830 2761 897 Cum
2813 830 3037 914 itaque
3090 848 3207 915 per

216 954 347 1002 nos
396 939 461 1002 et
508 937 874 1004 nonnullos
923 938 1265 1012 Romanos
1322 940 1675 1025 pontifices
1748 938 2257 1024 predecessores
2326 941 2595 1004 nostros
2646 938 2712 1003 in
2784 938 2974 1004 certis
3046 938 3203 1003 anni

214 1043 808 1128 solempnitatibus
888 1063 1127 1113 omnes
1203 1048 1597 1126 turbatoreS,
1647 1046 2048 1132 spoliatores
2128 1048 2192 1112 et
2270 1044 2703 1131 impeditores
2781 1044 3203 1111 veniencium

214 1150 302 1217 ad
383 1150 616 1217 sedem
696 1151 1055 1237 predictam
1135 1156 1200 1221 et
1268 1153 1724 1221 recedencium
1806 1154 1890 1219 ab
1983 1153 2217 1219 eadem
2311 1171 2574 1219 necnon
2654 1152 2769 1231 illi,
2849 1152 2963 1237 qui
3038 1151 3204 1217 tales

215 1258 585 1324 temeritate
685 1260 951 1344 propria
1030 1260 1339 1345 spoliare,
1410 1278 1646 1346 capere
1732 1260 1836 1326 vel
1927 1260 2223 1326 detinere
2320 1261 2775 1345 presumerent
2859 1261 2972 1325 aut
3048 1259 3202 1325 talia

212 1365 359 1431 fieri
407 1364 696 1432 facerent
751 1366 855 1432 vel
921 1367 1339 1447 mandarent,
1410 1368 1869 1453 cuiuscunque
1919 1367 2433 1452 preeminencie,
2501 1365 2867 1451 dignitatis,
2945 1365 3204 1432 ordinis

215 1471 642 1539 condicionis
676 1475 789 1538 aut
819 1475 1029 1540 status
1064 1475 1440 1554 existerent,
1490 1474 2216 1541 excommunicacionis
2264 1476 2328 1539 et
2375 1473 2813 1539 anathematis
2847 1473 3205 1539 sentenciis

216 1579 353 1645 sint
399 1580 668 1659 astricti,
740 1598 877 1646 non
928 1582 1353 1648 obstantibus
1424 1582 1942 1666 quibuscunque
2012 1581 2378 1667 privilegiis
2426 1581 2524 1647 eis
2572 1581 2675 1647 vel
2725 1598 2954 1646 eorum
3005 1580 3200 1645 alicui

215 1686 321 1751 vel
416 1686 754 1771 aliquibus
874 1706 911 1753 a
1027 1687 1317 1773 predicta
1433 1688 1592 1755 sede
1685 1690 1811 1755 sub
1929 1706 2328 1774 quacunque
2441 1687 2653 1754 forma
2754 1687 2859 1753 vel
2972 1690 3201 1752 tenore

214 1793 570 1859 verborum
620 1794 983 1872 concessiS,
1055 1795 1239 1879 quod
1311 1796 1869 1862 excommunicari
1920 1814 2056 1862 non
2108 1796 2371 1881 possint
2419 1813 2538 1861 seu
2612 1813 2728 1880 per
2797 1812 2927 1879 que
2974 1797 3202 1859 contra

219 1899 611 1966 huiusmodi
686 1902 1063 1968 sentencias
1112 1905 1176 1968 et
1233 1920 1607 1987 processus,
1657 1903 2021 1989 quominus
2094 1902 2535 1968 includeretur
2606 1903 2669 1967 in
2720 1902 2839 1980 eiS,
2910 1900 3203 1966 valerent

217 2006 736 2092 quomodolibet
807 2026 879 2074 se
949 2009 1136 2087 tueri,
1232 2027 1362 2094 que
1434 2009 1658 2093 quoad
1731 2011 1861 2077 hoc
1930 2010 2323 2076 sustulimus
2393 2012 2456 2075 et
2537 2009 2816 2075 omnino
2887 2007 3201 2074 duximus

215 2114 613 2180 revocanda.
717 2114 1037 2181 Volentes
1108 2116 1566 2195 nihilominus,
1634 2117 1818 2202 quod
1877 2119 1961 2184 ab
2040 2117 2294 2183 eisdem
2373 2116 2721 2183 sententiis
2793 2115 3015 2181 nullus
3086 2132 3202 2199 per

214 2222 419 2287 alium
502 2241 702 2306 quam
785 2240 903 2307 per
961 2221 1336 2294 Romanum
1422 2224 1808 2310 pontificem
1890 2225 2017 2290 nisi
2091 2224 2408 2290 duntaxat
2478 2224 2544 2288 in
2618 2222 2848 2289 mortis
2925 2220 3198 2288 articulo

214 2329 622 2395 constitutus
672 2348 794 2395 nec
838 2332 995 2395 tunc
1037 2330 1267 2410 eciam,
1319 2331 1447 2397 nisi
1487 2330 1570 2397 de
1614 2331 1855 2398 stando
1905 2331 2236 2397 mandatis
2283 2330 2562 2397 ecclesie
2612 2328 3062 2396 satisfactione
3095 2327 3200 2393 vel

214 2435 571 2502 sufficienti
621 2437 940 2503 caucione
987 2438 1334 2522 premissa,
1385 2442 1617 2524 posset
1650 2438 1941 2519 absolvi;
1991 2457 2110 2505 eos
2160 2439 2436 2524 insuper
2480 2438 2938 2519 cuiuscunque
2985 2434 3200 2500 forent

222 2542 741 2628 preeminencie,
777 2543 1140 2628 dignitatiS,
1176 2544 1451 2624 ordiniS,
1486 2544 1905 2611 condicionis
1949 2550 2060 2612 aut
2093 2548 2324 2625 status,
2361 2546 2475 2630 qui
2508 2542 3101 2610 excommunicatis
3136 2542 3200 2607 et

215 2651 794 2716 anathematizatis
867 2650 1123 2717 eisdem
1199 2654 1282 2719 ab
1355 2652 1741 2718 huiusmodi
1816 2653 2176 2720 sentenciis
2262 2651 2720 2719 absolucionis
2797 2649 3198 2716 beneficium

214 2760 678 2842 presumerent
698 2758 1015 2843 impartiri
1036 2757 1209 2843 (sic),
1241 2760 1555 2825 volumus
1574 2760 2297 2826 excommunicacionis
2316 2761 2381 2825 et
2399 2758 2840 2825 anathematis
2858 2757 3200 2823 sentencia

220 2864 553 2943 innodari,
634 2863 732 2930 eis
784 2864 1262 2932 nichilominus
1342 2865 1849 2951 predicacioniS,
1929 2866 2257 2946 lectionis,
2306 2864 2915 2932 administracionis
2986 2881 3197 2930 sacra-

215 2974 594 3037 mentorum
645 2973 708 3036 et
755 2971 1071 3037 audiendi
1143 2972 1586 3039 confessionis
1657 2974 1953 3040 officium
2029 2974 2494 3040 interdicentes
2551 2989 2864 3057 expresse
2913 2971 3082 3037 sicut
3129 2970 3195 3035 in

213 3078 445 3144 litteris
496 3078 742 3144 nostris
802 3078 957 3144 inde
1005 3079 1324 3146 confectis
1373 3083 1438 3146 et
1483 3082 1640 3146 tunc
1689 3081 1754 3146 in
1806 3082 2015 3165 portis
2075 3081 2346 3146 maioris
2408 3080 2686 3146 ecclesie
2733 3078 3071 3157 Avinion„
3128 3079 3200 3143 ut

218 3184 299 3250 ad
376 3202 808 3251 communem
888 3186 1192 3251 omnium
1273 3187 1584 3253 noticiam
1664 3188 1991 3272 premissa
2072 3187 2572 3266 deducerentur,
2639 3186 2854 3252 affixis
2932 3185 3198 3270 plenius

212 3292 632 3358 continetur„
703 3290 848 3357 Nos
927 3290 1365 3372 attendentes,
1445 3293 1628 3379 quod
1689 3313 1824 3362 non
1900 3294 2088 3361 decet
2166 3312 2288 3361 nec
2358 3293 2627 3379 expedit
2695 3292 3197 3378 prenominatos

213 3397 581 3483 sacrilegos
653 3401 718 3464 et
779 3417 1221 3484 quoscunque
1293 3400 1464 3467 alios
1535 3419 1737 3486 super
1804 3400 2192 3468 huiusmodi
2242 3400 2589 3468 horrendis
2651 3402 2715 3466 et
2786 3397 3197 3466 detestandis

211 3506 602 3572 excessibus
651 3506 749 3571 eis
821 3509 1191 3591 prestantes
1261 3508 1602 3587 auxilium,
1674 3509 2030 3575 consilium
2083 3511 2148 3573 et
2202 3508 2497 3574 favorem
2571 3509 2828 3591 absque
2897 3504 3195 3572 animad-

210 3613 523 3678 versione
603 3611 827 3679 debita
907 3613 1280 3697 relinquere
1362 3616 1779 3694 incorrectos,
1870 3615 2262 3682 discrecioni
2340 3620 2556 3682 vestre
2636 3633 2752 3700 per
2828 3613 3198 3699 apostolica

217 3719 462 3804 scripta
510 3720 990 3786 committimus
1042 3723 1106 3787 et
1155 3721 1573 3800 mandamuS,
1623 3725 1955 3806 quatenus
2003 3740 2126 3788 vos
2174 3723 2280 3788 vel
2329 3723 2466 3788 duo
2524 3725 2636 3789 aut
2683 3740 2857 3788 unus
2904 3723 3195 3786 vestrum

212 3845 328 3911 per
376 3844 501 3892 vos
550 3826 654 3892 vel
703 3826 905 3892 alium
956 3845 1075 3893 seu
1125 3828 1294 3894 alios
1343 3846 1581 3895 omnes
1630 3831 1695 3894 et
1743 3829 2052 3914 singulos
2101 3829 2374 3896 clericos
2424 3833 2487 3895 et
2531 3830 2759 3915 laycos
2808 3827 3196 3893 huiusmodi

210 3933 540 4018 sacrilegii
597 3936 958 4018 patratores
1009 3952 1270 4001 necnon
1321 3954 1461 4015 eoS,
1512 3936 1626 4020 qui
1677 3954 1879 4021 super
1926 3937 2024 4003 eis
2085 3936 2387 4003 dederint
2447 3937 2790 4015 auxilium,
2838 3934 3194 4001 consilium

210 4041 313 4106 vel
395 4039 690 4106 favorem
756 4042 1153 4125 generaliter
1221 4060 1338 4127 per
1406 4061 1645 4109 omnes
1716 4043 2029 4110 ecclesias
2079 4046 2141 4110 et
2210 4044 2376 4122 loca,
2441 4044 2507 4109 in
2575 4044 2820 4128 quibus
2882 4040 3195 4127 expedire

208 4146 527 4225 videritis,
578 4149 1189 4215 excommunicatos
1238 4152 1303 4215 et
1349 4149 1943 4217 anathematizatos
1992 4151 2257 4235 publice
2306 4151 2636 4217 nuncietis
2685 4154 2748 4217 et
2794 4150 3049 4217 faciatis
3111 4150 3195 4215 ab

210 4254 356 4320 aliis
408 4254 706 4319 nunciari
757 4258 819 4320 et
868 4254 951 4320 de
1001 4254 1314 4340 predictis
1365 4257 1683 4323 omnibus
1731 4260 1796 4322 et
1844 4258 2133 4341 singulis
2204 4260 2270 4323 et
2317 4276 2395 4325 ea
2443 4257 2595 4343 (sic)
2644 4257 3194 4341 contingentibus

209 4361 599 4427 auctoritate
649 4364 873 4427 nostra
922 4363 1310 4447 simpliciter
1343 4366 1407 4429 et
1440 4362 1522 4429 de
1573 4363 1774 4448 plano
1825 4365 1970 4430 sine
2021 4364 2295 4449 strepitu
2330 4367 2396 4429 et
2427 4363 2642 4449 figura
2694 4362 2920 4429 iudicii
2970 4363 3192 4429 solerti

209 4471 273 4533 et
317 4467 506 4533 fideli
578 4467 874 4534 adhibita
945 4468 1304 4553 diligencia
1374 4473 1507 4536 tam
1582 4471 1648 4536 in
1697 4472 1935 4537 vestris
1983 4471 2363 4538 civitatibus
2412 4475 2476 4537 et
2534 4471 2919 4537 diocesibus
2991 4489 3192 4555 quarn

208 4573 372 4640 locis
408 4573 579 4652 aliis,
614 4573 698 4639 de
732 4575 978 4660 quibus
1027 4576 1338 4660 expedire
1387 4576 1705 4657 videritiS,
1753 4596 1878 4645 vos
1928 4577 2298 4644 informetis
2347 4581 2410 4644 et
2457 4577 2791 4663 predictos
2841 4577 3083 4642 milites
3130 4581 3195 4643 et

207 4699 448 4746 omnes
529 4683 625 4760 et·
683 4681 992 4765 singulos
1071 4683 1242 4748 alios
1319 4685 1596 4750 clericos
1690 4688 1753 4750 et
1831 4686 2058 4772 laycos
2144 4685 2602 4771 cuiuscunque
2679 4683 3192 4770 preeminencie,

206 4786 577 4873 dignitatiS,
628 4787 902 4866 ordinis,
953 4791 1162 4855 status
1209 4790 1312 4856 vel
1384 4789 1804 4858 condicionis
1877 4792 2181 4870 existant,
2254 4811 2428 4877 quos
2478 4810 2596 4877 per
2643 4791 3192 4857 informacionem

208 4893 596 4961 huiusmodi
691 4896 1109 4980 reppereritis
1183 4897 1609 4965 commisisse
1700 4902 1810 4964 aut
1880 4899 2203 4965 committi
2294 4899 2533 4966 fecisse
2632 4899 2735 4965 vel
2838 4896 3193 4964 mandasse

207 5001 544 5086 predictos
593 5018 940 5082 excessus,
1012 5005 1124 5067 aut
1173 5004 1236 5068 in
1289 5005 1387 5071 eis
1435 5006 1935 5072 committendis
1985 5005 2353 5090 prestitisse
2424 5006 2765 5086 auxilium,
2835 5004 3190 5071 consilium

206 5108 307 5175 vel
379 5108 700 5187 favorem,
774 5109 1075 5174 nominat
1124 5110 1189 5175 in
1241 5110 1393 5197 (sic)
1442 5112 1696 5178 tamdiu
1769 5113 2393 5180 excommunicatos
2463 5116 2528 5179 et
2598 5112 3192 5179 anathematizatos

205 5213 446 5282 diebus
498 5214 854 5282 dominicis
905 5217 968 5280 et
1014 5215 1294 5296 festivis,
1345 5218 1626 5303 pulsatis
1675 5219 2023 5306 campanis
2073 5222 2137 5286 et
2168 5220 2468 5287 candelis
2500 5221 2797 5287 accensis
2833 5221 2898 5285 in
2935 5217 3191 5284 eisdem

207 5321 507 5388 ecclesiis
585 5324 784 5406 atque
859 5323 1023 5388 locis
1101 5342 1248 5389 cum
1332 5325 1544 5391 maior
1605 5326 1670 5391 in
1751 5327 1850 5393 eis
1927 5327 2081 5392 cleri
2132 5329 2194 5392 et
2251 5328 2487 5413 populi
2567 5327 2759 5394 fuerit
2838 5323 3193 5393 multitudo
