3688 5825
1690 287 1776 345 23

454 491 765 578 Denique
832 510 969 558 non
1020 511 1589 578 supervacaneum
1670 512 1820 561 esse
1892 493 2168 560 arbitror
2236 494 2605 578 generatim
2679 494 3224 571 animadvertere,

252 598 663 666 Clementem
786 600 1178 666 Pontificem
1303 599 1580 666 minime
1702 601 1988 686 fugisse,
2114 601 2294 685 quod
2388 602 2519 666 iam
2657 601 2741 666 ab
2839 601 3028 667 initio
3124 600 3226 666 sui

251 707 673 792 pontificatus
737 707 1064 773 nimium
1138 706 1525 774 indulsisset
1589 709 1973 794 petentibus
2044 709 2126 774 ab
2200 709 2350 793 ipso
2413 707 2659 792 gratias
2724 708 3225 793 exspectativaS.

249 812 466 880 Huius
535 815 625 880 rei
691 814 1150 880 testimonium
1201 815 1363 881 satis
1411 815 1656 881 clarum
1708 814 2023 881 exhibent
2072 813 2407 901 Litterae1)
2479 814 2587 880 die
2641 814 2748 879 26.
2804 814 2995 880 Mart.
3060 814 3228 880 1310

247 918 592 987 Avenione
661 922 1074 1007 conscriptae
1152 921 1233 987 ad
1307 922 1657 988 universos
1728 921 2271 1007 archiepiscopos
2343 925 2407 988 et
2477 922 2858 1006 episcopOS,
2928 919 3225 998 abbateS‚

247 1028 519 1110 prioreS,
592 1028 905 1108 decanos,
978 1028 1482 1095 archidiaconos
1532 1033 1597 1094 et
1644 1029 1811 1095 alios
1876 1029 2302 1095 ecclesiarum
2351 1033 2484 1094 tam
2535 1029 2972 1095 saecularium
3025 1047 3224 1113 quam

245 1135 642 1219 regularium
716 1135 1047 1221 praelatos
1119 1137 1184 1201 et
1230 1135 1518 1221 capitula
1575 1138 1640 1202 et
1699 1140 2070 1202 conventus
2151 1136 2361 1202 infra
2441 1154 2760 1221 regnum
2842 1135 2893 1201 F
2908 1135 3225 1201 tanciae

242 1243 740 1309 constitutos
789 1242 1055 1309 missae.

449 1349 717 1430 Quibus
760 1350 825 1415 in
862 1350 1121 1416 Litteris
1154 1349 1461 1415 Pontifex
1510 1349 1726 1435 palam
1776 1350 2148 1429 confitetur,
2198 1368 2270 1416 se
2318 1349 2401 1416 ad
2447 1350 2803 1415 multorum
2850 1349 3222 1434 principum

239 1459 300 1522 et
347 1457 786 1541 praelatorum
839 1460 902 1522 et
937 1457 1218 1523 aliorum
1268 1456 1867 1523 ecclesiasticorum
1917 1460 1981 1523 et
2029 1457 2464 1523 saecularium
2513 1457 2801 1522 virorum
2840 1456 3221 1522 instantiam

242 1581 503 1629 necnon
561 1563 834 1649 speciali
892 1563 1243 1630 affectione
1293 1563 1374 1629 ad
1427 1581 1751 1648 personas
1800 1565 1988 1649 regni
2037 1564 2305 1630 Franci
2323 1582 2438 1643 ae,
2510 1563 2592 1629 de
2643 1580 2777 1648 quo
2828 1563 2972 1648 ipse
3031 1564 3224 1629 traxit

240 1670 590 1755 originem,
682 1669 953 1736 ductum
1048 1670 1355 1756 personis
1449 1670 1959 1756 quampluribus
2029 1669 2112 1736 de
2181 1670 2705 1748 canonicatibus,
2799 1669 3220 1756 praebendiS,

240 1774 706 1861 dignitatibuS,
803 1777 1271 1862 personatibus
1365 1776 1648 1862 aliisque
1748 1776 1988 1843 officiis
2075 1778 2539 1844 ecclesiasticis
2617 1780 2773 1843 tunc
2867 1776 3220 1861 proxime

239 1884 645 1950 vacaturis
693 1884 929 1950 etiam
980 1884 1178 1949 ultra
1228 1884 1677 1950 voluntatis
1720 1903 1910 1950 suae
1951 1885 2449 1970 propositum
2487 1883 2882 1969 providisse.
2977 1883 3220 1949 Postea

238 2008 392 2056 vero
428 2009 464 2056 a
500 1991 939 2057 concessione
983 1989 1300 2056 similium
1350 1991 1707 2075 gratiarum
1764 1993 1874 2067 „ut
1921 1992 2447 2076 exspectantium
2497 2009 2813 2056 numerus
2863 1991 2929 2055 in
2962 1989 3217 2055 eisdem

241 2115 374 2163 non
472 2098 1015 2183 multiplicaretur
1088 2096 1451 2176 ecclesiis“,
1544 2116 1764 2183 neque
1860 2098 2133 2181 praelati
2228 2098 2356 2182 ipsi
2435 2097 2742 2164 facultate
2821 2096 3218 2182 providendi

242 2204 549 2288 personis
600 2204 861 2270 idoneis
896 2221 1166 2290 prorsus
1214 2207 1509 2270 carerent
1556 2204 1639 2270 ad
1687 2208 1955 2288 tempus
1989 2222 2077 2270 sc.
2122 2203 2204 2269 ad
2253 2204 2612 2270 triennium
2648 2204 2987 2270 abstinuit.
3083 2202 3216 2270 Sed

238 2314 569 2377 crescente
630 2310 1066 2377 nihilominus
1146 2312 1213 2376 in
1279 2311 1424 2376 dies
1486 2311 2006 2396 supplicantium
2078 2329 2357 2377 numero
2430 2329 2546 2396 per
2614 2311 2777 2376 haec
2832 2309 3218 2395 Apostolica

240 2418 478 2503 scripta
557 2417 866 2502 praelatis
936 2417 1220 2502 aliisque
1293 2417 1600 2502 personis
1684 2419 1815 2483 iam
1901 2418 2286 2484 memoratis
2364 2417 2653 2484 districte
2744 2417 3216 2502 praecipiendo

241 2523 596 2603 mandavit,
663 2542 747 2590 ne
824 2525 952 2610 ipsi
1021 2528 1131 2589 aut
1188 2525 1546 2609 quisquam
1606 2541 1879 2590 suorum
1946 2542 2177 2600 „aures
2237 2523 2665 2609 Apostolicae
2743 2522 2938 2589 Sedis
3017 2542 3218 2609 super

241 2630 623 2696 huiusmodi
662 2631 892 2716 gratiis
941 2631 1328 2698 obtinendis
1377 2649 1592 2716 usque
1639 2630 1721 2696 ad
1773 2631 2119 2696 biennium
2157 2632 2457 2715 proxime
2492 2633 2867 2696 secuturum
2904 2629 3213 2696 infestare

241 2740 351 2802 aut
397 2756 598 2823 super
637 2736 742 2803 his
788 2738 985 2805 alicui
1028 2737 1392 2804 concedere
1428 2738 1938 2822 supplicatorias
1973 2737 2246 2803 Litteras
2281 2736 2732 2823 quovismodo
2770 2739 3207 2821 praesumat.“

450 2969 495 3038 1)
533 2969 738 3024 Ibidem
776 2971 853 3024 n⁰
887 2970 1045 3025 6281.
