3688 5825
1931 280 2017 338 22

471 505 553 552 ex
598 487 872 572 speciali
924 488 1132 572 gratia
1183 487 1360 553 haud
1410 505 1552 553 raro
1600 486 1872 554 Nuntiis
1921 488 2061 554 suis
2110 487 2191 553 ad
2242 487 2540 553 diversas
2589 487 2824 553 mundi
2877 489 3095 572 partes
3145 487 3469 571 ablegatis

473 595 791 680 permisit,
872 598 943 659 ut
1019 595 1345 661 beneficia
1424 596 1508 661 ab
1589 595 1888 679 ipsorum
1969 595 2333 680 capellanis
2415 612 2735 679 possessa
2811 613 3012 660 causa
3071 594 3305 659 mortis
3360 591 3467 658 vel

468 701 794 767 cessionis
844 702 1142 767 vacantia
1191 701 1560 768 conferrent
1623 703 1929 787 personis
2001 701 2264 767 idoneis
2335 702 2418 767 ab
2492 702 2699 785 ipsis
2748 700 3067 767 Nuntiis
3116 699 3466 785 eligendis.

678 809 767 875 Ita
814 829 874 873 v.
932 828 996 893 g.
1053 810 1383 875 concessit
1440 808 1732 893 Petro¹)
1790 809 2132 894 Episcopo
2183 808 2560 885 Sabinensi,
2619 808 2869 892 Legato
2917 806 3333 893 ApostoliCO,
3383 806 3465 872 ad

468 915 773 1000 Angliae,
825 915 1107 994 Scotiae,
1166 916 1460 982 Iberniae
1510 919 1573 981 et
1628 915 1904 982 Walliae
1934 919 2151 1001 partes
2187 934 2305 1001 pro
2363 916 2755 1000 urgentibus
2804 919 2866 980 et
2906 914 3129 980 arduis
3173 914 3468 999 negotiis

471 1023 703 1101 missQ
786 1025 1181 1108 potestatem
1253 1023 1642 1089 conferendi
1723 1023 2073 1101 beneficia,
2147 1042 2319 1108 quae
2371 1041 2488 1107 per
2565 1023 2822 1089 obitum
2903 1022 3007 1088 vel
3087 1022 3465 1088 cessionem

471 1130 1073 1214 capellanorum
1155 1149 1475 1212 suorum
1581 1148 1731 1196 cum
1852 1131 2001 1214 ipso
2092 1131 2211 1196 iter
2289 1131 2653 1214 agentium,
2730 1148 2962 1196 vacare
3054 1129 3470 1213 contingeret

472 1236 689 1302 donec
736 1237 817 1301 ad
868 1236 1135 1303 Curiam
1187 1240 1631 1303 reverteretur.

679 1344 835 1410 Item
884 1343 1384 1428 Arnaldum2)
1435 1344 1849 1430 Episcopum
1901 1342 2242 1421 Sabinen.,
2289 1343 2721 1429 Apostolicae
2757 1343 2953 1410 Sedis
3012 1343 3333 1428 Legatum
3385 1341 3469 1407 ad

475 1450 966 1529 Lombardiam‚
1000 1450 1308 1517 Tusciam
1355 1452 1655 1537 aliasque
1701 1454 1920 1536 partes
1954 1453 2017 1517 et
2051 1451 2429 1535 provincias
2479 1451 2797 1517 directum
2857 1451 3089 1517 ditavit
3158 1450 3468 1515 facultate

475 1558 870 1643 providendi
936 1559 999 1623 in
1071 1559 1308 1643 viginti
1384 1563 1669 1643 quatuor
1737 1558 2035 1624 ecclesiis
2106 1557 2602 1625 cathedralibus
2679 1559 2784 1624 vel
2865 1557 3014 1624 aliis
3095 1556 3472 1641 collegiatis

475 1665 637 1730 infra
698 1664 1055 1749 legationis
1123 1683 1282 1730 suae
1332 1666 1655 1731 terminos
1704 1663 2082 1730 constitutis
2131 1666 2215 1731 ab
2267 1665 2416 1750 ipso
2467 1665 2796 1750 eligendis
2838 1666 3144 1751 personis
3178 1664 3468 1740 idoneis,

473 1772 711 1837 etiarn
740 1772 940 1837 alias
969 1771 1499 1850 beneficiatis,
1534 1771 1616 1837 de
1643 1771 2147 1838 canonicatibus
2169 1771 2495 1839 dictarum
2524 1773 2948 1839 ecclesiarum
2976 1776 3037 1839 et
3065 1773 3468 1858 praebendis

473 1880 863 1945 vacantibus
909 1879 1013 1944 vel
1063 1879 1388 1944 vacaturis
1439 1878 1503 1943 in
1555 1881 1917 1963 posterum.

681 1986 839 2052 Item
890 2004 970 2051 ex
1028 1986 1288 2051 Litteris
1337 1985 1419 2051 ad
1456 1984 1817 2070 Hugonem
1872 1984 2223 2072 Geraldiss),
2273 1985 2599 2052 decanum
2636 1987 2952 2053 ecclesiae
2979 1986 3063 2053 de
3111 1986 3177 2053 S.
3221 1985 3468 2054 Aredio

479 2092 901 2165 Lemovicen.
983 2092 1335 2169 dioecesiS,
1386 2092 1611 2158 missis
1678 2092 2179 2177 cognoscimus,
2259 2092 2549 2159 eundern
2627 2091 3022 2160 Pontificem
3104 2093 3468 2160 indulsisse

475 2199 669 2265 Petro
764 2199 1105 2285 Episcopo
1199 2199 1633 2265 Praenestino
1713 2198 1817 2264 ius
1896 2199 2281 2265 conferendi
2362 2200 2518 2265 sibi
2600 2199 2755 2284 ipsi
2805 2217 3043 2266 omnes
3115 2201 3467 2284 prioratuS,

482 2307 1003 2391 praeposituraS,
1032 2309 1448 2390 personatus,
1477 2305 1838 2390 dignitates
1874 2309 1936 2371 et
1972 2325 2436 2392 quaecumque
2470 2306 2597 2372 alia
2654 2306 2978 2372 beneficia
3023 2306 3469 2373 ecclesiastica

478 2415 550 2478 in
586 2414 951 2492 civitate,
987 2413 1338 2480 dioecesi
1374 2415 1497 2479 vel
1532 2414 1947 2498 provincia
1998 2414 2469 2491 Bituricen.,
2495 2451 2581 2459 —
2615 2412 2961 2479 Caturcen.
2997 2416 3059 2478 et
3093 2413 3467 2486 Ruthenen.

476 2522 857 2587 civitatibus
929 2524 992 2587 et
1041 2521 1466 2586 dioecesibus
1516 2520 1859 2586 dumtaxat
1908 2522 2202 2606 exceptis
2250 2559 2337 2566 —
2384 2521 2682 2586 vacantia
2752 2521 2856 2585 vel
2930 2538 3128 2606 quam
3179 2521 3465 2604 primum

477 2628 709 2694 etiam
761 2628 964 2713 apud
1025 2627 1304 2693 Sedem
1372 2626 1922 2713 Apostolicam
2001 2630 2307 2693 vacatura
2384 2626 2547 2693 infra
2619 2626 2907 2711 spatium
2967 2627 3165 2692 unius
3217 2628 3470 2693 mensis

478 2738 632 2819 post
680 2736 1046 2800 vacationis
1096 2735 1553 2819 cognitionem
1603 2735 1686 2800 ab
1736 2736 1889 2819 ipso
1925 2738 2285 2820 acceptata,
2329 2751 2610 2819 quorum
2645 2734 2893 2800 fructus
2929 2734 3107 2799 mille
3158 2734 3466 2800 librarum

477 2842 808 2907 bonorum
860 2841 1353 2907 Turonensium
1404 2860 1756 2928 parvorum
1808 2860 2106 2907 annuum
2156 2841 2449 2907 valorem
2501 2860 2636 2907 non
2688 2839 3097 2907 excederent.

688 2948 997 3016 Ceterum
1049 2949 1420 3016 notandum
1480 2953 1600 3029 est,
1680 2948 2095 3015 Clementem
2144 2949 2220 3014 V.
2273 2950 2499 3016 omnia
2579 2949 2905 3016 beneficia
2986 2949 3051 3014 in
3124 2950 3347 3033 regnis
3405 2954 3469 3015 et

476 3055 2143 3142 terrisCastellae,Aragoniae,portugaliae
2171 3056 2764 3123 etNIaiorcarum
2795 3075 3024 3141 regum
3044 3059 3222 3121 extra
3243 3059 3466 3121 tamen

482 3181 760 3247 regnum
814 3163 1128 3229 Franciae
1176 3164 1611 3230 consistentia
1658 3163 1739 3229 ad
1791 3162 2309 3249 dispositionem
2362 3162 2699 3230 Ordinis
2745 3163 3092 3228 Militiae
3163 3160 3468 3248 Templi

476 3269 1122 3336 Jerosolimitani
1203 3274 1354 3337 ante
1450 3271 1626 3337 illius
1727 3271 2235 3355 abrogationem
2336 3270 2729 3355 pertinentia
2825 3270 2981 3335 sibi
3076 3273 3147 3335 et
3240 3268 3468 3336 Sedis

476 3379 534 3442 Α
551 3396 592 3462 p
613 3396 653 3443 o
669 3380 794 3443 sto
816 3378 915 3443 lic
932 3397 967 3443 a
987 3397 1023 3443 e
1072 3378 1476 3445 ordinationi
1527 3377 1982 3463 reservasse.4)

688 3483 911 3564 Quare
985 3484 1184 3569 paulo
1258 3487 1413 3570 post
1460 3483 1837 3550 Concilium
1897 3483 2282 3549 Viennense
2333 3485 2733 3550 celebratum
2794 3484 3040 3549 multae
3096 3487 3468 3549 occurrumt

479 3590 872 3657 collationes
921 3590 1179 3657 Summi
1229 3591 1575 3657 pontificis
1623 3591 1812 3657 factis
1862 3609 2062 3675 super
2109 3590 2496 3657 huiusmodi
2548 3591 2972 3677 beneficiis.5)

604 3805 648 3871 1)
698 3804 903 3859 Ibidem
952 3803 1023 3858 n⁰
1059 3805 1215 3860 2248.

603 3892 648 3962 2)
794 3916 814 3939 a
958 3892 1029 3947 n⁰
1066 3892 1222 3957 7557,
1261 3893 1416 3948 7581.

605 3981 649 4049 ⁸)
797 4005 817 4027 ε
963 3981 1033 4036 n⁰
1070 3982 1211 4036 8033
1249 3982 1410 4049 (1312
1448 3981 1577 4035 Maii
1617 3982 1723 4048 23).

603 4070 649 4138 ⁴)
795 4094 816 4116 ι
960 4069 1030 4124 n⁰
1067 4071 1207 4125 9984
1247 4071 1407 4138 (1312
1447 4070 1576 4125 Dec.
1616 4071 1724 4137 31).

606 4158 650 4228 ⁶)
796 4184 819 4204 -
965 4158 1035 4213 n⁰
1080 4160 1222 4214 9860
1294 4158 1434 4215 9865
1507 4160 1641 4214 9871
1721 4159 1862 4214 9882

1081 4248 1215 4304 9861
1294 4249 1436 4304 9866
1508 4247 1648 4303 9879
1721 4248 1862 4303 9883

1079 4338 1220 4392 9862
1294 4337 1435 4392 9869
1507 4325 1648 4392 9880
1720 4336 1862 4391 9884

1081 4426 1222 4481 9863
1297 4426 1437 4481 9870
1508 4426 1641 4481 9881
1721 4426 1864 4481 9886

1724 4514 1865 4569 9895

695 4602 762 4657 Vi
801 4604 1192 4672 specialium
1241 4605 1663 4658 reservationum
1704 4603 1850 4657 idem
1890 4603 2134 4658 Pontifex
2173 4618 2430 4674 magnum
2468 4619 2750 4658 numerum
2806 4604 3018 4659 sedium
3075 4607 3468 4675 episcopalium

481 4706 613 4746 suae
651 4693 704 4746 et
742 4691 900 4746 Sedis
938 4692 1287 4762 Apostolicae
1326 4693 1648 4747 ordinationi
1687 4694 1997 4747 reservavit.

696 4780 899 4835 Ibidem
939 4781 1013 4834 n⁰
1048 4782 1189 4836 4998
1262 4781 1403 4836 6323
1475 4781 1617 4835 9270
1725 4781 1888 4855 9966,

1053 4869 1194 4926 5003
1268 4870 1408 4925 7547
1482 4870 1622 4924 9249
1701 4870 1873 4924 10326
1911 4872 2011 4924 etc.

1051 4959 1192 5014 5023
1267 4960 1407 5014 8926
1481 4959 1620 5013 9713

697 5048 843 5102 Idem
883 5047 1174 5102 dicendum
1213 5051 1295 5103 est
1335 5049 1404 5102 de
1444 5049 1796 5102 monasteriis,

695 5137 896 5192 Ibidem
936 5137 1005 5191 n0
1040 5137 1198 5202 5110,
1236 5137 1394 5201 5386,
1433 5137 1590 5201 6475,
1632 5137 1769 5192 7513
1807 5141 1906 5192 etc.

560 5227 577 5254 ⁶
698 5226 780 5281 De
818 5228 1097 5296 permultis
1149 5229 1332 5297 gratiis
1370 5228 1788 5295 specialibus
1844 5242 1942 5296 pro
1980 5230 2227 5297 personis
2265 5229 2484 5297 privatis
2523 5230 2796 5282 concessis
2852 5229 2904 5281 in
2958 5229 3061 5282 hoc
3118 5229 3300 5282 libello
3357 5244 3468 5284 non

483 5318 567 5369 est
603 5331 797 5370 sermo,
