3688 5825
1934 301 2016 361 62

492 509 851 594 provinciis
901 506 1323 593 supradictiS,
1374 505 1454 572 ad
1508 523 1676 591 quas
1725 508 1829 575 vel
1881 507 1963 574 ad
2010 526 2183 593 quos
2232 525 2349 573 seu
2386 524 2518 592 que
2566 506 2796 592 prelati
2829 508 3321 573 consueverunt
3356 522 3483 572 seu

491 615 742 681 debent
797 633 913 700 per
960 614 1354 681 electionem
1412 613 1665 678 assumi
1730 632 1908 681 nunc
1960 614 2345 699 ubicunque
2399 612 2786 679 vacancium
2845 616 2910 679 et
2966 631 3098 698 que
3156 612 3486 698 deinceps

491 739 721 788 vacare
793 721 1144 805 contigerit
1207 718 1647 804 disposicioni
1712 722 1776 786 et
1836 710 2244 787 ordinationi
2308 723 2532 786 nostre
2594 723 2659 785 et
2719 719 2903 786 sedis
2962 718 3331 805 apostolice
3399 717 3486 785 de

492 828 757 894 fratrum
838 830 1215 893 nostrorum
1296 826 1582 892 consilio
1670 845 1888 912 usque
1967 826 2050 893 ad
2144 825 2450 893 eiusdem
2543 825 2724 893 sedis
2817 825 3311 911 beneplacitum
3396 824 3483 892 de

493 934 863 1019 apostolice
936 933 1284 1018 potestatis
1334 932 1748 1017 plenitudine
1799 951 2235 1012 reservamuS,
2285 933 2669 999 auctoritate
2719 932 3089 1020 apostolica
3146 933 3485 999 universis

494 1040 943 1119 ecclesiarum,
1015 1040 1462 1118 abbaciarum,
1547 1042 2126 1120 monasteriorum,
2207 1041 2614 1126 prioratuum
2683 1043 2749 1105 et
2819 1039 3098 1106 aliorum
3175 1038 3480 1106 locorum

494 1146 1088 1214 ecclesiasticorum
1140 1146 1590 1231 quorumlibet
1638 1147 2106 1232 predictorum,
2155 1146 2485 1232 capituliS,
2549 1146 2874 1232 collegiis,
2923 1147 3368 1213 conventibus
3417 1150 3485 1212 et

496 1254 803 1339 personis
882 1252 1240 1319 districtius
1335 1253 1735 1333 inhibentes,
1831 1273 1915 1321 ne
2008 1254 2075 1320 in
2168 1253 2423 1321 eisdem
2518 1253 2599 1319 ad
2687 1254 2978 1339 aliquam
3057 1253 3482 1333 electionem,

495 1361 1061 1438 nominacionem,
1121 1360 1651 1445 postulacionem
1713 1379 1831 1428 seu
1894 1361 2349 1447 provisionem
2423 1379 2916 1446 quamcunque,
2987 1377 3137 1426 cum
3207 1361 3482 1446 tempus

494 1467 872 1534 vacacionis
951 1466 1268 1552 ingruerit
1330 1468 1432 1533 vel
1514 1467 1596 1533 ad
1670 1487 1967 1554 presenS,
2047 1468 2102 1535 si
2162 1467 2437 1534 forsitan
2497 1485 2675 1534 nunc
2722 1467 3069 1533 immineat
3116 1466 3482 1552 procedere

496 1573 987 1658 quoquomodo
1074 1576 1461 1658 presumant
1543 1575 1801 1660 absque
1895 1574 2075 1641 sedis
2172 1573 2474 1641 eiusdem
2576 1574 2962 1640 auctoritate
3047 1576 3112 1639 et
3201 1572 3482 1640 licencia

496 1681 791 1766 speciali.
884 1680 1028 1753 Nos
1097 1681 1275 1747 enim
1349 1681 1596 1747 irritum
1661 1682 2081 1748 decernimus
2139 1683 2202 1747 et
2274 1681 2493 1759 inane,
2565 1679 2893 1766 quidquid
2964 1683 3193 1747 contra
3273 1698 3478 1746 reser-

495 1788 842 1855 vacionem
893 1791 957 1853 et
1015 1788 1491 1854 inhibicionem
1557 1792 1818 1855 nostras
1886 1787 2272 1854 huiusmodi
2322 1806 2357 1853 a
2407 1786 2719 1873 predictis
2781 1787 3108 1873 capitulis,
3170 1786 3482 1872 collegiis

495 1896 939 1961 conventibus
988 1897 1053 1960 et
1109 1894 1258 1961 aliis
1331 1895 1847 1981 quibuscunque
1919 1895 2225 1981 personis
2296 1894 2533 1978 quavis
2607 1894 2991 1960 auctoritate
3041 1894 3329 1960 scienter
3374 1894 3480 1959 vel

498 2002 880 2087 ignoranter
925 2002 1277 2086 contigerit
1324 2003 1717 2088 attemptari.
1812 2001 1993 2068 Nulli
2042 2020 2203 2086 ergo
2253 2007 2372 2067 etc.

703 2126 852 2193 Dat.
902 2126 1234 2191 Avinione
1284 2126 1375 2191 lll.
1426 2128 1552 2194 kal.
1602 2125 1887 2212 Augusti
1938 2144 1996 2192 a.
2047 2124 2326 2211 sexto.⁵)

834 2316 937 2323 4⁴-—

626 2427 667 2497 1)
706 2428 1030 2498 Raynaldus,
1056 2428 1303 2503 Annales:
1321 2428 1457 2482 Eccl.
1487 2431 1521 2482 t.
1551 2428 1661 2482 XV.
1689 2428 1758 2481 ad
1785 2443 1830 2482 a.
1866 2427 1999 2483 1322
2037 2430 2241 2497 partem
2266 2429 2470 2481 tantum
2511 2426 2671 2481 huius
2709 2426 3110 2480 constitutionis
3148 2425 3375 2479 exhibet
3402 2440 3476 2480 sc.

497 2533 525 2571 a
565 2517 746 2572 verbis
790 2519 874 2580 ‚in
913 2518 1297 2586 patriarchatu·
1345 2531 1517 2586 usque
1555 2517 1623 2571 ad
1670 2521 2084 2579 „reservamus”
3342 2518 3345 2521 ’

621 2624 666 2695 ²)
705 2627 909 2680 variis
948 2628 1246 2679 noscitur
1284 2625 1797 2696 discriminibus
1836 2654 1907 2661 —
1945 2623 2073 2695 Reg.
2117 2623 2233 2677 Vat.

621 2732 669 2800 ³)
708 2731 934 2786 faciente
997 2762 1003 2767 —
1079 2730 1208 2801 Reg.
1249 2731 1367 2785 Vat.
1411 2731 1442 2785 1.
1482 2747 1526 2785 c.
1567 2730 1636 2785 n0
1673 2731 1757 2785 74.
1800 2761 1861 2770 —
1905 2731 2033 2801 Reg.
2073 2730 2190 2784 Vat.
2231 2730 2262 2783 1.
2302 2745 2345 2784 c.
2386 2728 2458 2783 n⁰
2496 2730 2588 2793 74;
2629 2728 2766 2783 Cod.
2810 2728 2874 2782 V.

710 2821 978 2875 favente
1015 2851 1086 2859 -—
1123 2820 1251 2891 Reg.
1292 2819 1409 2873 Vat.
1451 2821 1481 2874 l.
1523 2836 1565 2874 c.
1606 2818 1676 2873 n⁰
1710 2819 1797 2875 95.

622 2930 671 2998 ⁴)
713 2929 890 2983 deest:
932 2929 1061 2999 Reg.
1103 2928 1221 2982 Vat.

625 3036 672 3105 ⁵)
713 3035 848 3090 Cod.
890 3035 953 3089 V.
993 3037 1111 3089 sine
1151 3035 1255 3089 die.

506 3533 642 3589 1323
678 3532 821 3604 Aug.
859 3532 909 3588 5.

502 3623 632 3695 Reg.
672 3622 791 3678 Vat.
829 3624 865 3677 t.
911 3624 1001 3677 111
1047 3622 1137 3677 fol.
1176 3623 1280 3678 392
1320 3621 1390 3678 n⁰
1430 3623 1582 3679 1634.

1329 3853 1452 3934 Ad
1510 3859 1948 3957 perpetuam
2008 3860 2107 3934 rei
2167 3860 2628 3934 memoriam.

594 4072 601 4084 .
718 4012 1024 4079 Dudum
1084 4013 1175 4079 ad
1224 4015 1512 4081 statum
1564 4015 1858 4100 parcium
1909 4014 2305 4081 Lombardie
2353 4013 2757 4100 disponente
2804 4014 3083 4081 domino
3134 4015 3485 4081 salubriter

505 4118 927 4204 dirigendum
978 4123 1440 4187 convertentes
1490 4120 1707 4187 studia
1758 4122 2000 4188 mentis
2049 4124 2293 4200 nostre,
2341 4139 2580 4188 omnes
2626 4125 2691 4187 et
2725 4121 3026 4207 singulas
3073 4121 3482 4189 cathedrales

504 4229 568 4292 et
599 4225 987 4311 collegiatas
1025 4227 1360 4306 ecclesias,
1396 4228 1724 4294 seculares
1759 4231 1822 4293 et
1856 4228 2192 4313 regulares
2227 4229 2292 4293 in
2326 4228 2520 4295 certis
2552 4227 2927 4294 civitatibus
2961 4231 3023 4294 et
3056 4228 3483 4295 dioecesibus

505 4350 581 4399 ac
630 4332 991 4418 provinciis
1054 4334 1537 4401 conscistentes
1608 4334 1791 4421 (sic!)
1864 4353 1943 4400 ex
2005 4337 2161 4401 tunc
2210 4353 2423 4420 usque
2473 4333 2555 4400 ad
2606 4334 2949 4400 biennium
3000 4338 3365 4413 vacaturas,
3417 4338 3485 4401 ut

505 4439 602 4505 eis
653 4457 769 4524 per
817 4439 1312 4524 providenciam
1363 4440 1542 4507 sedis
1590 4442 1958 4526 apostolice
2012 4441 2095 4508 de
2152 4441 2529 4527 pastoribus
2585 4444 2649 4505 et
2705 4440 2973 4525 prelatis
3031 4440 3488 4526 provideretur

504 4544 791 4631 ydoneis
862 4549 1087 4612 sancte
1145 4545 1444 4620 Romane
1514 4548 1789 4614 ecclesie
1858 4547 2174 4614 fidelibus
2245 4550 2308 4613 et
2370 4546 2628 4613 devotis
2677 4548 3055 4613 auctoritate
3113 4547 3486 4633 apostolica

507 4655 940 4731 reservanteS,
991 4652 1404 4720 decrevimus
1449 4655 1695 4720 irritum
1732 4658 1850 4721 etc.
1890 4705 1903 4719 .
1942 4705 2007 4720 ..
2058 4654 2452 4739 attemptari.
2548 4652 2722 4720 Sane
2773 4654 2929 4738 quia
2978 4653 3200 4719 forsan
3254 4659 3486 4739 posset

509 4759 574 4824 in
647 4758 926 4825 dubium
999 4760 1308 4839 revocari,
1376 4760 1459 4827 ad
1531 4779 1700 4846 quas
1774 4762 2162 4847 collegiatas
2234 4760 2548 4828 ecclesias
2621 4759 2913 4846 predicta
2982 4761 3341 4827 reservatio
3415 4780 3486 4828 se

508 4865 837 4932 extendat.
929 4866 1074 4934 Nos
1122 4885 1393 4934 omnem
1457 4868 1906 4936 dubitacionis
1954 4869 2296 4935 materiam
2347 4885 2549 4953 super
2596 4868 2723 4934 hoc
2771 4871 3111 4953 amputare
3159 4868 3486 4945 volentes,

508 4974 1031 5040 reservacionem
1091 4973 1373 5040 eandem
1423 4975 1503 5042 ad
1566 4975 1975 5042 cathedrales
2023 4978 2087 5041 et
2134 4974 2513 5042 abbaciales
2574 4975 2888 5040 ecclesias
2936 4992 3012 5041 ac
3060 4976 3486 5054 monasteria,

509 5097 627 5166 per
673 5081 949 5147 abbates
998 5082 1196 5147 solita
1227 5082 1604 5166 gubernari,
1653 5082 1995 5148 dumtaxat
2028 5085 2260 5148 tenore
2294 5081 2708 5167 presencium
2748 5080 3162 5147 declaramus
3194 5081 3484 5148 extendi.

510 5185 689 5252 Nulli
738 5204 899 5272 ergo
950 5191 1070 5254 etc.

721 5310 871 5378 Dat.
921 5310 1254 5379 Avinione
1303 5330 1461 5379 non.
1513 5312 1795 5403 Augusti
1848 5332 1904 5378 a.
1956 5313 2268 5399 septimo.
