3688 5825
1946 333 2031 393 84

499 541 1059 626 preficiendorum
1134 541 1201 606 in
1276 541 1374 608 eis
1445 544 1673 607 contra
1731 542 2259 607 reservacionem
2309 542 2602 606 nostram
2654 539 3058 606 huiusmodi¹
3091 543 3482 625 presumant

499 648 855 733 procedere
904 648 1394 733 quoquomodo
1444 666 1520 715 ac
1567 648 2002 715 decernentes
2051 651 2169 713 etc.
2222 698 2236 712 .
2288 698 2301 711 .
2355 698 2367 711 .
2418 648 2813 732 attemptari.
2906 645 3087 712 Nulli
3145 664 3307 731 ergo
3356 649 3476 713 etc.

711 791 957 857 Datum
1007 789 1338 857 Avinione
1384 789 1537 856 VIII.
1590 790 1740 855 idus
1788 789 1978 855 Febr.
2029 807 2085 855 a.
2136 788 2372 874 primo.

627 1145 668 1214 ¹)
708 1145 966 1200 facientes
1005 1146 1094 1215 (!):
1134 1145 1198 1199 V.

625 1238 669 1304 ²)
709 1234 939 1288 fideliter
978 1235 1060 1304 (!):
1100 1234 1174 1299 V;
1215 1234 1489 1289 fidelitatis
1528 1266 1591 1274 —
1633 1234 1761 1307 Reg.
1804 1236 1924 1290 Vat.

623 1325 669 1394 ⁸)
710 1326 1008 1393 disponens
1048 1325 1136 1394 (!):
1179 1325 1252 1389 V;
1292 1325 1689 1394 disposiciones
1726 1356 1795 1363 —
1834 1325 1963 1396 Reg.
2005 1325 2123 1379 Vat.

1929 1752 2054 1832 31.

511 1949 646 2004 1343
682 1949 812 2003 Maii
850 1948 884 2003 5

499 2038 630 2108 Reg.
668 2037 786 2092 Vat.
829 2038 862 2091 t.
904 2038 1008 2091 214
1046 2036 1136 2092 fol.
1183 2035 1342 2092 18t.⁰
1378 2036 1452 2092 n⁰
1492 2037 1573 2092 16.

1394 2305 1518 2384 Ad
1573 2307 1893 2385 futuram
1953 2310 2052 2385 rei
2117 2310 2578 2384 memoriam.

703 2504 899 2570 Dum
951 2506 1238 2569 statum
1290 2502 1835 2569 miserabilem
1887 2502 2104 2568 insule
2153 2500 2397 2580 Sicilie,
2469 2520 2601 2588 que
2663 2504 2933 2588 propter
2978 2500 3483 2569 inobediencias

502 2614 566 2677 et
613 2629 927 2677 excessus
976 2610 1376 2696 nephandos
1424 2610 1643 2676 varios
1691 2612 1918 2675 contra
1969 2609 2339 2683 Romanam
2411 2609 2758 2675 ecclesiam
2833 2608 3081 2675 ibidem
3133 2608 3480 2676 interdicto

502 2718 951 2785 ecclesiastico
1022 2717 1362 2783 subiacere
1434 2735 1508 2782 ac
1579 2717 1690 2782 diu
1764 2716 2182 2782 subiacuisse
2231 2716 2544 2795 noscitur,
2595 2716 2837 2782 mentis
2886 2716 3098 2781 oculis
3148 2716 3483 2782 intuemur

502 2824 719 2891 eidem
771 2842 954 2890 more
1005 2827 1281 2909 paterno
1329 2824 1773 2908 compatimur
1820 2823 1951 2908 piis
2009 2822 2360 2889 desideriis
2409 2822 2812 2901 affectantes,
2864 2821 3044 2907 quod
3097 2841 3214 2907 per
3260 2841 3479 2889 veram

502 2933 962 2999 obedienciam
1014 2935 1077 2998 et
1126 2933 1646 2999 satisfactionem
1722 2931 2014 2997 debitam
2066 2951 2102 2996 a
2151 2931 2291 2997 suis
2364 2931 2633 2997 relevari
2707 2931 3036 3016 periculis,
3099 2933 3482 3016 opprobriis

503 3043 565 3106 et
614 3040 696 3105 ad
747 3042 988 3105 statum
1061 3039 1255 3125 dirigi
1315 3058 1705 3124 prosperum
1781 3040 2155 3104 mereretur.
2251 3037 2421 3105 Cum
2471 3042 2694 3105 autem
2758 3042 3026 3124 propter
3073 3039 3195 3105 hec
3243 3042 3309 3105 et
3355 3040 3481 3106 alia

503 3149 715 3213 cetera
786 3146 1110 3232 premissa
1182 3146 1581 3232 diligencius
1646 3145 2057 3214 attendenda
2129 3148 2583 3231 opportunum
2633 3146 2997 3212 admodum
3049 3146 3480 3225 existimetur,

504 3253 687 3339 quod
739 3253 804 3317 in
855 3252 1153 3319 ecclesiis
1204 3253 1548 3338 presertim
1598 3252 2091 3318 cathedralibus
2141 3257 2260 3319 ete.
2314 3303 2327 3317 .
2380 3304 2393 3317 .
2448 3303 2461 3318 .
2513 3256 2829 3338 speretur.

711 3396 879 3474 Nos,
929 3396 1057 3461 hiis
1108 3398 1172 3461 et
1219 3395 1366 3461 aliis
1415 3395 1635 3461 causis
1671 3395 1973 3460 honestis
2023 3397 2086 3460 et
2134 3395 2650 3462 racionabilibus
2699 3396 2996 3462 animum
3048 3400 3350 3462 nostrum
3400 3396 3480 3463 ad

506 3504 570 3569 id
599 3503 1050 3582 moventibuS,
1091 3502 1564 3568 nonnullorum
1611 3502 2158 3587 predecessorum
2201 3507 2577 3570 nostrorum
2607 3504 3058 3578 Romanorum
3088 3504 3480 3589 pontificum

504 3611 571 3676 in
621 3611 742 3676 hac
791 3613 972 3694 parte
1044 3610 1345 3694 vestigiis
1408 3609 1851 3688 inhaerentes,
1916 3611 2339 3696 provisiones
2389 3613 2453 3676 et
2500 3611 2994 3696 disposiciones
3066 3611 3371 3677 omnium
3422 3614 3484 3677 et

504 3717 915 3803 singularum
1003 3716 1691 3801 archiepiscopalium,
1775 3717 2261 3802 episcopalium
2335 3720 2400 3783 et
2476 3718 2974 3802 collegiatarum
3055 3718 3480 3784 ecclesiarum

505 3842 764 3891 necnon
824 3825 1268 3902 abbaciarum,
1320 3824 1875 3890 monasteriorum
1926 3827 1990 3890 et
2038 3825 2444 3909 prioratuum
2494 3825 3032 3890 conventualium
3082 3825 3482 3910 regularium

504 3935 569 3998 et
602 3931 1017 4011 secularium,
1075 3934 1536 4016 exemptorum
1586 3934 1650 3997 et
1698 3950 1833 3998 non
1886 3935 2370 4017 exemptorum,
2418 3949 2595 3997 nunc
2641 3930 3027 3998 vacancium
3076 3934 3141 3997 et
3174 3931 3240 3997 in
3292 3935 3484 3999 antea

504 4046 957 4105 vacaturarum
1023 4038 1186 4104 infra
1249 4038 1488 4104 dictam
1561 4039 1844 4105 insulam
1909 4039 2452 4117 consistencium,
2517 4038 2585 4104 in
2643 4038 2994 4123 quibusvis
3057 4039 3293 4123 prelati
3366 4058 3484 4106 seu

506 4148 789 4212 rectores
875 4149 1367 4212 consueverunt
1457 4164 1575 4230 per
1650 4146 2045 4212 electionem
2127 4146 2401 4224 assumi,
2479 4149 2719 4211 extunc
2795 4148 2859 4211 et
2935 4147 3212 4231 quocies
3291 4165 3485 4213 casus

504 4253 881 4319 vacacionis
930 4253 1269 4319 emerserit
1316 4271 1530 4338 usque
1579 4252 1662 4318 ad
1712 4252 2060 4318 biennium
2113 4271 2149 4318 a
2198 4253 2407 4338 prima
2443 4251 2550 4317 die
2595 4251 2777 4318 Junii
2814 4253 3119 4337 proximo
3154 4252 3484 4332 instantiS,

506 4378 641 4445 quo
690 4359 1147 4426 terminabitur
1204 4362 1471 4444 tempus
1534 4360 2012 4425 reservacionis
2076 4378 2194 4444 per
2252 4358 2462 4425 felicis
2511 4359 2998 4426 recordacionis
3047 4359 3483 4426 Benedictum

507 4485 747 4552 papam
782 4464 909 4531 XII.
946 4466 1486 4550 predecessorem
1538 4468 1838 4531 nostrum
1891 4466 2051 4531 olim
2089 4466 2171 4532 de
2206 4466 2335 4531 illis
2368 4465 2535 4532 facte
2572 4466 2637 4530 in
2687 4470 2880 4531 antea
2931 4467 3484 4551 computandum,

507 4573 708 4639 nobis
787 4574 851 4638 et
927 4572 1070 4638 sedi
1163 4572 1532 4657 apostolice
1611 4573 1999 4639 auctoritate
2115 4573 2486 4658 apostolica
2565 4591 2996 4639 reservamus.
3139 4572 3489 4641 Universis

506 4679 951 4757 ecclesiarum,
1025 4679 1449 4747 abbaciarum
1501 4681 1621 4745 etc.
1674 4730 1687 4744 .
1742 4730 1755 4745 .
1808 4729 1822 4744 .
1874 4679 2269 4765 attemptari.
2365 4678 2676 4746 Ceterum
2748 4680 3061 4746 volumus
3131 4683 3195 4746 et
3259 4685 3486 4748 nostre

508 4786 908 4853 intencionis
977 4787 1216 4876 existit,
1290 4785 1471 4871 quod
1537 4786 1926 4864 reservaci0‚
1999 4786 2320 4852 inhibicio
2392 4790 2457 4853 et
2526 4786 2861 4852 decretum
2934 4786 3326 4853 huiusmodi
3405 4789 3486 4854 ad

508 4892 909 4959 monasteria
966 4893 1359 4959 monialium
1410 4895 1475 4958 et
1522 4893 1794 4959 aliarum
1860 4893 2319 4977 religiosarum
2372 4893 2720 4959 mulierum
2771 4895 2834 4958 et
2883 4892 2965 4958 ad
3016 4893 3333 4961 ecclesias
3384 4896 3484 4961 vel

508 5000 834 5084 prioratus
881 5017 1018 5065 non
1068 4998 1545 5066 conventuales
1594 5018 1711 5066 seu
1764 5018 2048 5086 quorum
2099 4999 2364 5078 fructus,
2416 4999 2710 5066 redditus
2759 5002 2822 5065 et
2863 5002 3228 5085 proventus
3277 5002 3480 5068 annui

508 5126 838 5172 summam
891 5107 1379 5193 quinquaginta
1410 5106 1815 5173 florenorum
1865 5107 2002 5172 auri
2040 5107 2408 5173 secundum
2442 5125 2871 5173 communem
2908 5107 3480 5175 existimacionem

506 5232 643 5279 non
694 5214 1040 5293 excedunt,
1092 5214 1468 5279 nullatenus
1518 5214 1972 5279 extendantur.
2066 5213 2245 5279 Nulli
2296 5232 2458 5299 ergo
2508 5216 2629 5280 etc.

713 5357 959 5423 Datum
1008 5357 1341 5423 Avinione
1392 5357 1483 5422 111.
1536 5375 1695 5422 non.
1743 5356 1906 5421 Maii
1957 5375 2013 5421 a.
2065 5357 2302 5440 primo.
