3688 5825
1909 276 1999 335 20

460 483 847 569 gravamina
919 480 1375 569 perdurarent;
1447 481 1530 548 de
1598 482 2161 550 reservationibus
2238 500 2396 548 vero
2466 481 2888 549 ecclesiarum
2968 481 3443 548 cathedralium

463 592 527 657 et
624 590 1025 676 regularium
1122 589 1188 655 in
1281 607 1494 674 regno
1571 587 1888 656 Franciae
1980 589 2484 656 consistentium
2581 607 2618 655 a
2705 588 3225 674 praedecessore
3317 607 3446 655 suo

462 698 670 776 factiS,
773 696 881 763 die
982 697 1080 764 18.
1158 695 1404 781 Aprilis
1488 695 1715 783 13041)
1794 696 2177 764 declaravit:
2279 695 2491 774 „Nos
2584 699 2839 762 autem
2933 695 3447 761 celsitudinis

464 804 768 890 regalis
817 805 1118 883 obtentu,
1169 822 1288 889 pro
1337 803 1526 870 cuius
1588 807 1769 889 parte
1818 822 2023 889 super
2067 804 2195 872 hoc
2240 803 2457 871 Nobis
2506 803 2754 870 exstitit
2814 802 3450 889 supplicatum‚2)

464 912 1003 991 reservationem,
1076 910 1542 976 inhibitionem
1615 914 1678 977 et
1749 910 2085 978 decretum
2145 910 2554 989 huiusmodi,
2625 910 3014 996 Apostolica
3062 910 3448 976 auctoritate

467 1026 932 1098 revocamus“;
1004 1037 1136 1105 qua
1210 1019 1276 1084 in
1346 1018 1822 1085 constitutione
1895 1036 2031 1085 non
2105 1018 2313 1086 modo
2371 1019 2645 1087 liberam
2695 1017 3090 1084 electionem
3140 1017 3449 1102 capitulis

468 1125 803 1193 concessit
874 1125 992 1192 sed
1064 1126 1263 1192 etiam
1314 1125 1665 1205 ordinavit,
1739 1130 1809 1192 ut
1859 1126 2282 1212 provisiones
2339 1129 2405 1192 et
2451 1124 2996 1192 confirmationes
3044 1125 3448 1191 electionum

469 1236 623 1318 post
693 1233 1209 1299 reservationem
1257 1231 1716 1317 Apostolicam
1788 1233 1856 1299 in
1906 1233 2099 1300 dictis
2149 1234 2449 1300 ecclesiis
2496 1233 2705 1301 factae
2755 1232 3020 1317 plenam
3072 1232 3452 1298 obtinerent

467 1340 865 1418 firmitatem,
937 1339 1311 1406 dummodo
1359 1340 1525 1406 alias
1572 1339 1925 1407 collatores
1989 1341 2478 1426 processissent
2523 1340 2865 1408 canonice.
2960 1337 3217 1403 Eodem
3269 1339 3450 1404 enim

468 1450 769 1532 tempore
819 1446 1286 1513 benevolentia
1336 1446 1767 1532 studiumque
1802 1447 2144 1514 Benedicti
2170 1446 2272 1513 XI.
2309 1466 2382 1514 se
2415 1445 2886 1513 reconciliandi
2925 1464 3124 1530 quam
3163 1445 3450 1531 primum

470 1571 619 1619 cum
670 1552 986 1639 Philippo
1022 1552 1204 1640 Rege
1238 1553 1614 1627 Romanum
1662 1553 2057 1621 Pontificem
2108 1555 2189 1622 ad
2240 1556 2416 1621 hunc
2465 1554 2753 1622 lenitatis
2803 1554 3121 1639 pacisque
3168 1552 3451 1639 gradum

471 1659 766 1726 adduxit.

686 1819 1131 1887 Clementis
1223 1820 1298 1886 V.
1394 1821 1688 1907 registris
1804 1821 2160 1907 diligenter
2274 1822 2573 1888 excussis
2686 1821 2852 1888 circa
2972 1819 3453 1886 beneficiorum

474 1926 1050 2013 reservationem-⁹³)
1122 1928 1472 2013 sequentia
1543 1927 1802 1995 decreta
1874 1929 1941 1994 in
2014 1927 2306 1995 medium
2379 1928 2666 2013 proferre
2729 1946 3029 2013 possum.
3125 1926 3454 2013 Imprimis

474 2052 554 2100 ex
631 2034 949 2121 Litteris4)
1028 2034 1181 2101 dicti
1262 2033 1608 2101 pontificis
1686 2035 1769 2101 ad
1851 2035 2261 2121 Episcopum
2348 2034 2562 2101 Elien.
2643 2034 2750 2101 die
2799 2034 2930 2101 26.
3016 2033 3198 2119 Sept.
3286 2033 3457 2099 1313

474 2141 737 2207 directis
787 2141 1152 2208 luculenter
1200 2144 1379 2226 patet
1427 2140 1715 2208 eundem
1765 2141 2163 2210 Pontificem
2210 2179 2298 2189 —-
2346 2142 2574 2208 nescio
2624 2160 2760 2227 quo
2818 2158 2997 2208 anno
3044 2179 3133 2188 —
3179 2140 3455 2226 speciali

475 2247 742 2314 decreto
814 2248 1049 2315 nullibi
1119 2247 1338 2315 adhuc
1407 2252 1667 2335 reperto
1735 2287 1824 2295 —
1899 2249 2192 2315 edidisse
2262 2250 2802 2315 constitutionem
2874 2247 2957 2313 de
3006 2248 3455 2315 reservatione

477 2372 1033 2440 quorumcunque
1112 2355 1589 2422 beneficiorum
1670 2375 1786 2441 per
1855 2357 2154 2423 obitum
2230 2356 2789 2434 cardinalium,
2858 2354 3454 2440 capellanorum

477 2465 551 2529 et
671 2462 1002 2528 aliorum
1128 2479 1445 2529 suorum
1570 2462 2049 2529 officialium
2175 2464 2637 2549 ubicunque
2758 2462 3208 2529 cedentium
3329 2461 3454 2527 vel

477 2568 1056 2636 decedentium.

693 2729 967 2815 Insuper
1035 2730 1262 2796 omnia
1332 2730 1657 2797 beneficia
1727 2731 2211 2816 cuiuscumque
2260 2730 2635 2798 beneficiati
2687 2749 2820 2816 per
2867 2729 3454 2815 promotionem

480 2835 572 2903 ad
644 2836 1215 2923 Episcopatum
1289 2839 1471 2922 post
1554 2838 2270 2926 consecrationis⁵)
2343 2856 2587 2904 munus
2659 2838 2719 2904 ei
2792 2838 3170 2923 impensum
3249 2835 3456 2923 apud

482 2942 780 3010 Sedem
829 2942 1420 3030 Apostolicam
1473 2946 1538 3011 in
1590 2947 1833 3031 quovis
1881 2965 2038 3013 casu
2089 2947 2369 3013 omnino
2414 2945 2845 3031 dispositioni
2880 2944 3225 3012 pontificis
3274 2947 3460 3010 erant

480 3053 828 3130 reservata,
900 3051 1028 3117 nisi
1101 3051 1292 3118 iustis
1359 3051 1443 3118 de
1512 3053 1732 3118 causis
1801 3053 2188 3120 huiusmodi
2263 3054 2550 3138 promoti
2599 3052 3031 3138 impetrarunt
3078 3070 3280 3137 super
3325 3052 3456 3118 hoc

482 3157 839 3243 specialem
890 3157 1227 3243 quandam
1277 3157 1942 3245 dispensationem.⁶)

608 3476 655 3543 ι)
692 3477 896 3532 Ibidem
936 3477 970 3533 l.
1009 3493 1054 3533 c.
1093 3476 1164 3533 n⁰
1205 3477 1356 3534 1256.

610 3613 655 3685 2)
695 3612 900 3667 Ibidem
974 3613 1008 3667 l.
1083 3628 1128 3667 c.
1203 3609 1282 3667 n⁰
1357 3611 1493 3667 1259
1577 3611 1738 3681 (1304
1809 3612 1940 3667 Maii
2021 3613 2106 3681 13)
2190 3614 2280 3667 ubi
2368 3612 2574 3669 Bened.
2649 3613 2731 3668 XI.
2806 3614 3041 3668 absolvit
3113 3613 3460 3667 contumaces

487 3718 556 3757 ex
609 3717 779 3774 regno
815 3702 1066 3757 Franciae
1104 3717 1133 3756 a
1172 3698 1346 3756 Bonif.
1383 3700 1512 3756 VIII.
1551 3701 1741 3756 frustra
1779 3702 1850 3757 ad
1906 3701 2103 3757 Sedem
2160 3702 2535 3772 Apostolicam
2591 3704 2784 3757 citatos
2839 3718 2913 3757 sc.
2978 3702 3460 3771 „archiepiscopOS,

487 3795 794 3862 episcopos,
852 3792 1081 3860 capitula
1121 3791 1250 3845 eccl.
1290 3792 1427 3846 cath.
1468 3795 1618 3863 regni
1657 3791 1925 3856 Franciae,
1984 3791 2234 3846 doctores
2272 3794 2325 3845 in
2364 3792 2644 3863 theologia
2682 3794 2737 3846 et
2775 3793 3062 3863 magistros
3099 3793 3154 3845 in
3194 3792 3305 3846 iure
3344 3805 3462 3845 can.

486 3883 541 3935 et
578 3881 720 3936 civili
761 3881 830 3934 de
869 3895 1038 3952 regno
1075 3880 1318 3935 eodem.'

611 4014 658 4083 ⁸)
699 4013 807 4081 Qui
847 4014 1110 4079 Pontifex,
1150 4029 1271 4069 cum
1311 4017 1415 4069 iam
1455 4015 1578 4069 ante
1604 4029 1734 4069 suae
1759 4014 2156 4069 benedictionis
2183 4017 2237 4069 et
2262 4016 2626 4069 coronationis
2650 4015 2913 4069 solemnia
2941 4014 3203 4082 quasdam
3234 4014 3460 4069 Litteras

489 4105 559 4159 de
595 4103 1000 4174 provisionibus
1038 4106 1093 4158 et
1131 4104 1584 4158 reservationibus
1623 4103 1991 4159 conficiendas
2030 4103 2357 4169 mandasset,
2417 4103 2506 4157 die
2542 4102 2626 4158 26.
2665 4103 2936 4157 Februarii
2979 4103 3112 4158 1307
3151 4103 3467 4157 auctoritate

487 4193 802 4263 Apostolica
857 4194 1040 4262 aperte
1096 4193 1388 4248 declaravit
1443 4194 1626 4248 contra
1683 4207 1796 4257 eOS,
1856 4195 1945 4263 qui
1986 4194 2298 4248 huiusmodi
2341 4192 2562 4247 Litteras
2602 4195 2917 4263 impugnare
2976 4207 3085 4246 non
3124 4192 3464 4256 verebantur,

496 4286 672 4353 ¹‚ipsas
734 4283 995 4337 exsistere
1054 4282 1263 4337 validas
1323 4282 1651 4352 plenamque
1713 4281 1913 4336 habere
1974 4281 2181 4336 roboris
2242 4281 2592 4337 firmitatem·
2674 4280 2824 4352 (Reg.
2888 4278 3186 4336 Clementis
3241 4280 3341 4336 PP.
3401 4280 3466 4335 V.

490 4371 563 4427 n⁰
599 4372 781 4441 2264.)

613 4505 661 4575 4)
702 4505 906 4560 Ibidem
944 4504 1014 4560 n⁰
1050 4505 1216 4570 9781;
1259 4504 1456 4560 10268.

702 4603 790 4658 Ad
847 4605 1262 4659 reservationem
1318 4602 1701 4658 beneficiorum
1758 4602 2160 4672 capellanorum
2197 4602 2636 4673 Apostolicorum
2692 4602 2939 4672 spectant
2975 4600 3050 4656 n⁰
3084 4599 3252 4665 7658:
3309 4600 3471 4656 3733.

1766 4692 2093 4747 notariorum
2132 4691 2204 4745 n⁰
2239 4692 2396 4747 7868.

618 4826 909 4896 ⁶)1bmem
946 4826 1017 4881 ην
1052 4826 1192 4883 8254
1264 4826 1405 4882 9759
1483 4825 1672 4882 10053

1051 4915 1192 4970 8932
1264 4914 1407 4970 9760
1483 4914 1673 4970 10126

1050 5003 1192 5059 8960
1264 5002 1405 5059 9799

1050 5093 1190 5148 9149
1263 5092 1404 5148 9574

712 5189 953 5247 Consule
991 5193 1151 5246 etiam
1188 5189 1383 5246 Wernz
1420 5190 1456 5245 l.
1494 5205 1539 5245 c.
1578 5190 1633 5244 II.
1673 5187 1744 5244 n⁰
1778 5190 1901 5246 387.

622 5324 671 5390 ⁰)
710 5323 914 5378 Ibidem
954 5321 1025 5378 n⁰
1059 5322 1216 5379 8138.
1272 5321 1430 5379 9155.
1491 5322 1697 5379 10101.
