3688 5825
1625 288 1708 350 31

175 495 257 563 ad
327 514 520 563 suam
593 499 657 562 et
706 496 918 581 ipsius
968 494 1164 562 Sedis
1211 494 1642 581 Apostolicae
1689 496 2181 582 beneplacitum
2231 496 2467 563 iactam
2520 496 2890 562 notandum
2942 498 3158 576 restat,

176 603 466 669 eundem
519 603 895 677 Romanum
946 603 1342 670 Pontificem
1417 603 1524 670 die
1594 603 1701 670 31.
1752 603 1912 670 Dec.
1970 603 2206 690 13291)
2278 603 2673 683 declarasse,
2746 622 2935 670 suam
3008 621 3158 670 esse

177 710 634 789 intentionem,
707 710 890 796 quod
957 711 1130 778 dicta
1200 711 1558 777 reservatio
1634 713 1890 777 tantum
1965 729 2179 796 usque
2249 710 2333 777 ad
2404 710 2605 777 duos
2663 729 2920 777 annos
2969 729 3006 776 a
3056 709 3157 781 ΚΙ.

175 819 429 884 mensis
516 817 810 885 Januarii
904 819 1022 901 (sc.
1123 818 1318 904 1330)
1411 818 1908 904 computandos
2001 817 2384 903 perduraret
2496 817 2662 894 „nisi
2767 817 2897 897 illa,
3011 817 3159 883 aliis

173 925 681 991 rationabilibus
773 925 996 991 causis
1088 925 1314 991 forsan
1409 924 1684 1005 inducti,
1778 925 2282 1011 provideremus
2376 925 2443 991 in
2522 927 2790 1010 tempus
2867 923 3159 1009 amplius

174 1032 660 1116 proroganda.“
789 1030 923 1098 Sed
1005 1033 1294 1099 instante
1369 1033 1506 1098 fine
1583 1032 1739 1098 dicti
1821 1032 2075 1099 biennii
2154 1032 2445 1117 praefata
2538 1032 2926 1118 prorogatio
3021 1050 3158 1098 non

173 1139 534 1225 exspiravit
580 1137 697 1205 sed
748 1138 926 1206 idem
961 1138 1145 1225 Papa
1174 1139 1524 1206 Johannes
1574 1139 1909 1206 similibus
1957 1139 2609 1207 considerationibus
2658 1142 2724 1206 et
2778 1139 3159 1216 „nonnullis

171 1245 316 1312 aliis
391 1246 763 1313 rationibus
840 1249 903 1312 et
975 1246 1165 1313 iustis
1235 1247 1494 1313 causis“
1571 1246 1882 1313 inductus
1954 1250 2592 1333 supramemoratam
2643 1246 3157 1313 reservationem

172 1353 450 1419 iterum
502 1352 585 1419 ad
635 1352 850 1420 duos
898 1372 1173 1420 annos
1220 1373 1258 1420 a
1306 1354 1442 1421 fine
1490 1353 1644 1421 dicti
1695 1353 1949 1420 biennii
2000 1372 2090 1420 sc.
2147 1354 2200 1418 1.
2246 1353 2393 1421 Jan.
2451 1354 2616 1420 1332
2664 1351 3158 1439 computandos

172 1460 563 1545 prorogavit
607 1463 672 1527 et
721 1460 954 1528 ultimo
1003 1461 1156 1528 loco
1205 1462 1406 1528 etiam
1456 1462 1743 1527 instante
1790 1461 1926 1527 fine
1974 1460 2130 1527 dicti
2180 1460 2542 1529 secundi
2600 1461 2854 1528 biennii
2911 1478 3000 1526 sc.
3051 1459 3159 1527 die

170 1566 274 1632 29.
293 1566 648 1634 Dec.1333
666 1567 718 1654 ²)
746 1567 951 1634 modo
979 1571 1043 1634 et
1065 1567 1278 1634 torma
1305 1567 1656 1653 praedictis
1683 1568 1832 1634 den
1850 1585 1946 1633 uo
1974 1569 2460 1653 prorogavit—
2479 1568 2587 1648 ita,
2617 1568 2780 1634 utin
2808 1567 2916 1633 die
2934 1566 3158 1633 obitus

166 1674 504 1740 ,Iohannis
552 1674 773 1760 Papae
820 1674 1006 1741 XXII.
1057 1694 1146 1742 sc.
1198 1677 1258 1741 4.
1311 1674 1459 1744 Oct.
1517 1675 1684 1741 1334
1733 1674 2120 1741 huiusmodi
2170 1674 2680 1748 Reservationes
2737 1675 3157 1760 generales

169 1781 235 1846 in
316 1782 617 1866 partibus
694 1780 995 1862 Tusciae,
1076 1783 1142 1848 in
1210 1783 1397 1849 terris
1491 1782 1917 1856 Romanae
1997 1782 2478 1861 Ecclesiae,
2574 1782 2640 1848 in
2720 1782 3155 1868 patriarchatu

169 1887 672 1974 Aquilegien.
745 1892 809 1955 et
874 1889 1415 1956 Mediolanen.
1484 1889 1813 1956 Januen.
1899 1889 2162 1955 Pisan.
2213 1888 2749 1963 Ravennaten.
2822 1888 3156 1957 Graden.

172 1997 533 2081 provinciis
603 1995 818 2063 adhuc
889 1997 1334 2083 perdurarent,
1414 1998 1800 2083 praesertim
1874 2015 2024 2063 cum
2097 1996 2306 2063 iactae
2377 1999 2604 2063 essent
2672 1996 2906 2063 etiarn
2973 1995 3155 2062 Sedi

169 2101 710 2189 Apostolicae.

380 2227 646 2294 Praeter
744 2228 952 2295 dictas
1034 2228 1382 2296 biennales
1450 2229 1935 2296 reservationes
2005 2229 2303 2296 currebat
2371 2229 2568 2295 etiam
2641 2229 2853 2315 prima
2924 2246 3152 2313 supra·

171 2337 537 2402 memorata
586 2334 691 2402 die
738 2335 844 2402 30.
891 2335 1050 2402 Julii
1108 2335 1273 2403 1322
1322 2337 1490 2403 circa
1538 2336 1713 2403 dicta
1759 2335 2077 2403 territoria
2124 2336 2311 2415 iacta,
2382 2336 2465 2402 ad
2517 2355 2717 2421 quam
2767 2335 3151 2420 praesertim

171 2441 488 2509 Clemens
533 2442 634 2508 VI.
685 2443 876 2509 initio
927 2444 1030 2509 sui
1082 2444 1509 2528 pontificatus
1558 2444 1967 2528 provocabat
2016 2442 2083 2508 in
2132 2444 2627 2521 constitutione,
2679 2460 2850 2528 quae
2892 2442 3150 2527 incipit:

178 2548 616 2626 „Sollicitudo
708 2550 1060 2635 pastoralis
1154 2550 1470 2633 officii“³)
1608 2549 1811 2632 (1344
1904 2550 2095 2616 Febr.
2196 2548 2356 2635 14.);
2452 2568 2648 2635 porro
2742 2568 2823 2614 ex
2915 2548 3151 2616 eadem

171 2655 671 2723 Constitutione
719 2658 1011 2742 apparet,
1060 2656 1428 2742 praefatum
1477 2655 1730 2742 Papam
1777 2657 2158 2724 Johannem
2210 2656 2429 2736 sedes,
2487 2657 2841 2742 collegiata
2889 2656 3153 2740 aliaque

170 2763 497 2830 beneficia
588 2763 1037 2830 ecclesiastica
1127 2764 1485 2849 hospitalia
1578 2766 1641 2830 et
1734 2765 1843 2849 pia
1936 2765 2081 2831 loca
2161 2782 2624 2850 quaecumque
2702 2763 2792 2829 ad
2874 2764 3150 2830 Lucan.

170 2872 232 2936 et
291 2868 554 2936 Pisan.
632 2868 931 2937 civitates
1010 2872 1074 2936 et
1146 2869 1495 2938 dioeceses
1573 2871 2015 2958 eiusdemque
2108 2871 2392 2939 civitatis
2469 2871 2690 2938 Pisan.
2785 2870 3150 2938 districtum

170 2980 549 3063 spectantes
625 2978 922 3054 „etiarnsi
993 2978 1163 3044 foret
1219 2977 1302 3044 de
1350 2978 1766 3057 Vulteran.,
1814 2979 2185 3058 Massan„
2238 2980 2526 3045 Lunen.
2579 2982 2643 3045 et
2690 2977 3150 3046 Grossetan.

171 3085 618 3164 dioecesibus,
690 3103 862 3170 quae
940 3084 1023 3151 de
1100 3085 1458 3152 collatione
1531 3085 2015 3172 archiepiscopi
2085 3085 2344 3153 Pisan..
2374 3135 2388 3149 .
2418 3137 2477 3150 ..
2559 3103 2696 3151 non
2778 3087 3145 3152 exstarent“

173 3210 548 3259 reservasse
596 3191 678 3258 ad
728 3190 959 3258 Sedis
1006 3190 1529 3277 Apostolicae
1578 3193 2192 3279 beneplacitum.

381 3316 478 3382 Ex
499 3315 885 3383 huiusmodi
908 3315 1455 3389 Reservationum
1474 3316 2011 3402 Apostolicarum
2033 3336 2128 3402 ge
2143 3338 2185 3383 n
2200 3318 2359 3384 eral
2375 3318 2392 3383 i
2409 3336 2449 3383 u
2468 3337 2531 3382 m
2555 3318 3151 3385 constitutionibus

173 3443 279 3489 am
320 3423 482 3489 satis
510 3422 835 3502 videmus,
869 3422 1248 3489 Johannem
1286 3423 1470 3489 XXII.
1511 3426 1595 3491 ab
1641 3424 1832 3491 initio
1875 3424 1976 3491 sui
2016 3426 2445 3509 pontificatus
2491 3443 2707 3509 usque
2752 3425 2834 3491 ad
2865 3428 3142 3501 mortem

167 3529 368 3614 (1334
402 3530 563 3596 Dec.
599 3529 690 3616 4.)
740 3529 979 3596 iisdem
1031 3549 1224 3595 usum
1274 3530 1482 3597 fuisse
1532 3532 1817 3598 maxima
1868 3549 1948 3597 ex
1999 3535 2180 3616 parte
2214 3550 2249 3597 e
2283 3532 2503 3598 causis
2553 3550 2731 3598 mere
2780 3517 3151 3616 politicis

168 3656 254 3704 sc.
328 3636 413 3703 ad
486 3636 941 3723 reprimendas
1013 3638 1411 3704 rebelliones
1485 3638 1735 3723 passim
1811 3641 1989 3705 ortas
2062 3640 2128 3704 in
2189 3640 2375 3705 terris
2425 3639 2767 3712 Romanae
2816 3639 3151 3705 Ecclesiae

168 3744 541 3829 specialiter
588 3744 903 3811 subiectis
953 3747 1015 3810 et
1066 3745 1131 3809 in
1179 3745 1314 3811 tota
1365 3745 1762 3830 paeninsula
1811 3745 2012 3811 Italia.

378 3870 864 3936 Benedictus
898 3870 1112 3955 Papa
1145 3870 1333 3957 XII.4)
1377 3890 1414 3948 a
1447 3870 2037 3943 Reservationibus
2084 3869 2493 3956 Apostolicis
2539 3872 2672 3936 tam
2722 3870 3152 3955 generalibus

168 3996 367 4063 quam
418 3978 822 4062 specialibus
871 3977 954 4043 de
1003 3977 1347 4044 beneficiis
1397 3978 1463 4042 in
1513 3977 1791 4044 diversis
1842 3977 2073 4043 mundi
2126 3978 2422 4063 partibus
2480 3976 2802 4043 faciendis
2867 3978 3143 4043 minime

295 4227 340 4294 ¹)
381 4225 517 4280 Cod.
557 4226 616 4281 B.
656 4225 933 4280 f01.72t⁰
969 4242 1049 4296 sq.
1126 4226 1443 4294 („Dudum
1483 4228 1560 4282 ad
1599 4228 1927 4294 statum·).

379 4314 516 4370 Cod.
556 4315 621 4370 V.
661 4314 751 4369 tol.
793 4314 1098 4370 70t0—71.

375 4404 433 4459 P.
471 4404 575 4459 V11.
615 4404 694 4459 n⁰
732 4403 811 4459 15.

295 4510 339 4581 ²)
379 4510 507 4582 Reg.
547 4511 667 4566 Vat.
707 4511 743 4565 t.
788 4511 887 4566 117
927 4510 1017 4565 iol.
1057 4511 1161 4566 276
1204 4509 1273 4565 n⁰
1315 4511 1448 4567 1435
1487 4513 1634 4581 (,Α(1
1672 4516 1869 4568 statum
1909 4514 2271 4582 pacificum·).

377 4599 513 4654 Cod.
552 4600 611 4655 B.
651 4600 742 4655 tol.
782 4601 851 4655 78
888 4616 971 4670 sq.

379 4689 515 4744 Cod.
553 4690 619 4745 V.
659 4689 750 4744 iol.
791 4689 859 4744 72
880 4689 935 4744 t0
973 4689 1112 4759 (sine
1151 4690 1279 4760 die).

292 4795 341 4864 ⁸)
380 4795 516 4851 Cod.
555 4797 614 4852 B.
655 4796 747 4852 iol.
793 4798 1085 4852 108—111.

377 4884 512 4941 Cod.
550 4886 615 4941 V.
656 4886 746 4941 iol.
788 4885 1094 4942 85t0—86.

377 4975 432 5030 P.
469 4977 575 5031 Vll.
616 4975 687 5031 n⁰
722 4975 809 5030 34.

290 5082 338 5150 ⁴)
377 5082 587 5138 Electus
624 5083 909 5137 Avenione
952 5083 1087 5137 1334
1124 5082 1255 5137 Dec.
1300 5083 1364 5136 16
1401 5084 1583 5153 ibique
1621 5085 1907 5138 coronatus
1950 5084 2085 5139 1335
2121 5085 2238 5140 Jan.
2279 5087 2331 5141 8.

379 5171 457 5227 Cf.
497 5173 733 5227 Daumet
772 5172 805 5225 l.
849 5187 892 5225 c.

372 5262 555 5318 Pastor
591 5263 628 5328 1,
668 5262 737 5317 87
782 5277 863 5331 sq.

370 5350 559 5406 Hefele
598 5350 687 5416 Vl,
728 5349 834 5406 555
874 5365 993 5420 sqq.
