3688 5825
1663 334 1746 394 83

219 545 698 630 probacionem
781 542 1279 620 reservacionis,
1352 540 1783 607 inhibicionis
1855 542 1917 606 et
1988 539 2231 605 decreti
2305 537 2746 623 predictorum
2810 535 3060 621 ubique
3133 534 3198 600 in

219 651 472 717 iudicio
567 654 633 716 et
724 653 903 716 extra
996 648 1312 714 iudicium
1415 646 1787 713 faciendam
1895 645 2168 731 perinde
2272 643 2668 729 sufficiant4)
2764 645 2828 708 et
2915 643 3198 720 valeant,

218 756 798 842 quemadmodum
872 756 1080 821 littere
1152 753 1646 840 predecessoris
1716 752 2018 818 eiusdem
2095 751 2291 837 plene
2351 750 2728 816 sufficerent
2775 751 2839 815 et
2886 750 3200 826 valerent,

217 866 388 931 sicut
482 863 879 950 premittitur
985 880 1185 947 super
1291 861 1419 926 hiis
1527 860 1825 926 confecte
1920 862 1984 925 et
2077 859 2222 924 eius
2300 857 2478 923 bulla
2559 857 2806 923 bullate
2882 855 3199 935 fuissent,

217 991 342 1039 nec
423 971 506 1038 ad
603 970 1082 1056 probacionem
1164 966 1551 1034 huiusmodi
1631 966 1906 1053 aliquod
1985 965 2164 1032 aliud
2244 964 2724 1032 adminiculum
2815 962 3200 1048 requiratur.

217 1078 402 1145 Nulli
452 1096 614 1163 ergo
662 1079 780 1144 etc.

345 1398 389 1466 1)
427 1397 727 1452 Arnoldus:
766 1397 831 1451 V.

343 1487 387 1553 ἵ)
428 1487 752 1542 Forevilen.:
794 1486 858 1541 V.

344 1577 391 1645 ³)
431 1578 610 1631 deest:
650 1576 714 1631 V.

341 1666 388 1734 ⁴)
429 1666 590 1720 verba
635 1663 933 1729 ¹‚sufficiant
970 1665 1051 1718 et·
1097 1664 1320 1717 desunt:
1360 1663 1425 1718 V.

1652 2053 1777 2133 30.

226 2180 360 2235 1343
383 2180 550 2256 febr.
589 2180 638 2235 6.

221 2269 356 2324 cod.
397 2268 457 2324 B.
499 2267 588 2323 fol.
635 2269 750 2323 121.

395 2500 836 2585 Reservacio
912 2505 985 2578 in
1060 2524 1291 2604 regno
1367 2499 1610 2579 Sicilie
1681 2504 1751 2579 et
1806 2504 2013 2578 terris
2070 2501 2212 2579 sub
2278 2501 2618 2578 dominio
2696 2498 3031 2583 Romane

1284 2643 1591 2722 ecclesie
1648 2644 2154 2722 existentibus

561 2803 917 2884 Clemens
977 2808 1379 2906 episcopus
1437 2807 1570 2882 ete.
1684 2801 1807 2882 Ad
1865 2804 2184 2882 futuram
2246 2807 2344 2881 rei
2404 2806 2868 2881 memoriam.

434 2965 642 3031 Inter
696 2968 983 3043 cetera,
1043 2982 1192 3049 que
1250 2964 1496 3030 nostris
1559 2964 1810 3029 inducit
1873 2963 2411 3030 solicitudinibus
2472 2963 2768 3030 officium
2836 2963 3205 3049 apostolice

224 3073 564 3139 servitutis
627 3071 710 3138 de
759 3074 929 3138 statu
980 3072 1165 3156 regni
1217 3069 1440 3137 Sicilie
1491 3090 1566 3137 ac
1612 3074 1925 3136 terrarum
1992 3071 2148 3136 citra
2219 3071 2450 3149 farum,
2525 3089 2655 3155 que
2719 3071 2802 3137 de
2861 3073 3092 3137 nostro
3142 3074 3207 3136 et

226 3179 526 3252 Romane
576 3179 850 3244 ecclesie
886 3177 1134 3244 directo
1171 3178 1474 3243 dominio
1511 3179 1790 3243 existere
1824 3178 2282 3255 dinoscuntur,
2334 3178 2398 3242 in
2446 3177 2786 3262 prosperis
2818 3176 3205 3262 dirigantur,

219 3287 440 3371 gracia
513 3287 848 3371 prestante
919 3284 1165 3363 divina,
1247 3284 1670 3351 successibus
1741 3303 1870 3350 nos
1942 3284 2208 3350 attentis
2288 3285 2600 3350 convenit
2670 3284 3205 3370 cogitacionibus

222 3392 546 3458 meditari.

436 3536 634 3616 Sane,
708 3537 863 3622 quia
923 3554 1060 3602 non
1134 3555 1365 3622 parum
1438 3535 1566 3601 hiis
1638 3536 1983 3621 presertim
2041 3537 2460 3620 temporibus
2509 3553 2660 3601 esse
2707 3535 2994 3601 creditur
3038 3534 3205 3602 circa

222 3645 350 3711 hoc
399 3647 831 3730 oportunum,
906 3643 1088 3728 quod
1161 3644 1227 3709 in
1301 3643 1600 3709 ecclesiis
1665 3642 2152 3709 cathedralibus
2216 3645 2280 3708 et
2327 3642 2475 3708 aliis
2524 3642 2689 3708 locis
2738 3643 3206 3709 ecclesiasticis

226 3752 696 3836 solempnibus
778 3751 964 3835 regni
1033 3753 1097 3816 et
1164 3753 1476 3816 terrarum
1551 3750 1989 3834 predictarum
2059 3750 2289 3835 prelati
2341 3752 2404 3815 et
2452 3751 2734 3816 rectores
2783 3749 3209 3834 preficiantur

224 3877 342 3943 per
412 3858 784 3943 apostolice
856 3856 1037 3923 sedis
1111 3856 1609 3942 providenciam
1658 3856 1931 3942 ydonei,
2006 3858 2120 3941 qui
2193 3857 2489 3923 ecclesiis
2561 3859 2625 3922 et
2703 3857 2868 3922 locis
2947 3856 3205 3922 eisdem

220 3966 531 4043 scientes,
552 3965 599 4049 ¹)
709 3965 1011 4030 volentes
1102 3967 1167 4030 et
1266 3963 1562 4029 valentes
1665 3982 1934 4048 preesse
2037 3964 2277 4030 utiliter
2374 3967 2436 4029 et
2532 3964 2875 4049 prodesse,
2964 3966 3205 4030 statum

220 4071 584 4138 eorundem
639 4072 824 4156 regni
882 4074 946 4137 et
993 4074 1305 4137 terrarum
1356 4070 1650 4136 zelentur
1683 4088 2098 4156 prosperum,
2151 4071 2498 4155 pacificum
2558 4075 2622 4136 et
2676 4071 3105 4156 tranquillum
3144 4074 3209 4138 et

219 4178 302 4245 ad
400 4179 949 4246 observacionem
1043 4180 1260 4245 cultus
1353 4177 1779 4258 fidelitatis,2)
1853 4178 2036 4262 pacis
2130 4180 2193 4243 et
2288 4178 2544 4244 iusticie
2638 4196 2800 4243 suos
2880 4178 3209 4245 instruant

219 4285 531 4352 subditos
580 4289 644 4352 et
693 4286 1026 4351 inducant.
1121 4285 1265 4351 Nos
1314 4285 1442 4350 hiis
1490 4287 1555 4349 et
1602 4285 1749 4350 aliis
1799 4286 1928 4369 piis
1979 4287 2042 4350 et
2092 4285 2282 4351 iustis
2330 4285 2493 4350 moti
2542 4284 3207 4351 consideracionibus

219 4396 284 4458 et
342 4392 592 4459 inducti
670 4393 1028 4477 habitaque
1101 4392 1591 4458 deliberacione
1664 4410 1812 4457 curn
1887 4391 2161 4457 fratibus
2234 4392 2478 4457 nostris
2549 4409 2751 4476 super
2821 4391 2949 4456 hiis
3012 4394 3077 4456 et
3124 4391 3208 4458 de

221 4500 523 4584 ipsorum
595 4500 880 4565 consilio
952 4500 1376 4585 provisiones
1456 4500 1519 4563 et
1590 4498 2156 4583 disposicionesss)
2243 4499 2543 4564 omnium
2639 4502 2701 4563 et
2794 4498 3206 4582 singularum

220 4606 647 4673 ecclesiarum
721 4606 1192 4673 cathedralium
1266 4623 1528 4671 necnon
1605 4605 2158 4671 monasteriorum
2226 4605 2675 4690 quorumlibet
2746 4610 3207 4690 exemptorum

229 4717 292 4778 et
376 4731 514 4778 non
610 4717 1092 4798 exemptorum,
1188 4714 1606 4798 preterquam
1725 4713 2116 4779 monialium
2213 4716 2276 4779 et
2382 4713 2654 4778 aliarum
2750 4713 3210 4797 religiosarum

222 4820 576 4886 mulierum
644 4820 708 4886 in
773 4819 1026 4886 eisdem
1077 4838 1285 4905 regno
1336 4824 1398 4885 et
1446 4819 1633 4886 terris
1681 4821 2202 4887 consistencium
2253 4819 2334 4884 ad
2385 4837 2661 4905 presens
2711 4820 3094 4885 vacancium
3147 4822 3211 4885 et

227 4927 290 4992 in
344 4928 540 4992 antea
599 4929 1056 4993 vacaturorum
1131 4945 1344 5011 usque
1395 4925 1476 4991 ad
1527 4926 1876 4993 biennium
1927 4947 1963 4992 a
2012 4926 2163 4993 data
2212 4927 2629 5012 presencium
2680 4924 3207 5011 computandum

218 5035 421 5100 nobis
519 5036 583 5099 et
675 5034 819 5100 sedi
912 5034 1279 5119 apostolice
1372 5034 1755 5100 auctoritate
1846 5033 2216 5119 apostolica
2309 5051 2761 5111 reservamus,
2854 5031 3208 5099 districtius

219 5141 604 5207 inhibentes
647 5141 955 5226 capitulis
1004 5143 1066 5207 et
1113 5143 1556 5208 conventibus
1607 5140 2033 5207 ecclesiarum
2072 5143 2136 5206 et
2172 5139 2726 5205 monasteriorum
2764 5139 3206 5225 predictorum

220 5249 281 5311 et
328 5246 498 5324 aliis,
550 5265 831 5331 quorum
884 5247 1155 5313 interest
1204 5247 1307 5312 vel
1358 5248 1677 5313 interesse
1728 5248 1969 5334 poterit
2018 5247 2085 5313 in
2143 5247 2451 5324 futurum,
2503 5264 2585 5311 ne
2644 5246 2726 5311 ad
2792 5247 3207 5327 electionem,

220 5353 780 5438 postulacionem,
832 5354 1378 5420 nominacionem
1414 5353 1516 5419 vel
1554 5355 1749 5420 aliam
1788 5372 2263 5440 qnamcunque
2301 5337 2759 5440 provisionem
2808 5355 3205 5440 prelatorum
