<?xml version="1.0" encoding="UTF-8"?>
<!DOCTYPE html PUBLIC "-//W3C//DTD XHTML 1.0 Transitional//EN"
    "http://www.w3.org/TR/xhtml1/DTD/xhtml1-transitional.dtd">
<html xmlns="http://www.w3.org/1999/xhtml" xml:lang="en" lang="en">
 <head>
  <title>
</title>
<meta http-equiv="Content-Type" content="text/html;charset=utf-8" />
  <meta name='ocr-system' content='tesseract 3.04.00' />
  <meta name='ocr-capabilities' content='ocr_page ocr_carea ocr_par ocr_line ocrx_word'/>
</head>
<body>
  <div class='ocr_page' id='page_1' title='image "./constitutionuma01luxgoog_0110.png"; bbox 0 0 3688 5825; ppageno 0'>
   <div class='ocr_carea' id='block_1_1' title="bbox 1862 284 1988 344">
    <p class='ocr_par' dir='ltr' id='par_1_1' title="bbox 1862 284 1988 344">
     <span class='ocr_line' id='line_1_1' title="bbox 1862 284 1988 344; baseline -0.008 0"><span class='ocrx_word' id='word_1_1' title='bbox 1862 284 1988 344; x_wconf 89' lang='lat'>100</span> 
     </span>
    </p>
   </div>
   <div class='ocr_carea' id='block_1_2' title="bbox 1705 368 2024 378">
    <p class='ocr_par' dir='ltr' id='par_1_2' title="bbox 1705 368 2024 378">
     <span class='ocr_line' id='line_1_2' title="bbox 1705 368 2024 378; baseline 0 0"><span class='ocrx_word' id='word_1_2' title='bbox 1705 368 2024 378; x_wconf 95' lang='lat' dir='ltr'> </span> 
     </span>
    </p>
   </div>
   <div class='ocr_carea' id='block_1_3' title="bbox 433 486 3428 1430">
    <p class='ocr_par' dir='ltr' id='par_1_3' title="bbox 433 486 3428 1430">
     <span class='ocr_line' id='line_1_3' title="bbox 645 486 3422 578; baseline 0.002 -26"><span class='ocrx_word' id='word_1_3' title='bbox 645 486 812 565; x_wconf 87' lang='lat' dir='ltr'>Nos,</span> <span class='ocrx_word' id='word_1_4' title='bbox 863 487 944 552; x_wconf 91' lang='lat' dir='ltr'>ad</span> <span class='ocrx_word' id='word_1_5' title='bbox 981 506 1187 553; x_wconf 91' lang='lat' dir='ltr'>omne</span> <span class='ocrx_word' id='word_1_6' title='bbox 1236 487 1516 554; x_wconf 91' lang='lat' dir='ltr'>dubium</span> <span class='ocrx_word' id='word_1_7' title='bbox 1552 507 1756 574; x_wconf 91' lang='lat' dir='ltr'>super</span> <span class='ocrx_word' id='word_1_8' title='bbox 1801 490 1930 556; x_wconf 93' lang='lat' dir='ltr'>hoc</span> <span class='ocrx_word' id='word_1_9' title='bbox 1975 490 2564 569; x_wconf 89' lang='lat' dir='ltr'>summovendum,</span> <span class='ocrx_word' id='word_1_10' title='bbox 2614 492 2998 559; x_wconf 84' lang='lat' dir='ltr'>auctoritate</span> <span class='ocrx_word' id='word_1_11' title='bbox 3044 494 3422 578; x_wconf 89' lang='lat' dir='ltr'>apostolica</span> 
     </span>
     <span class='ocr_line' id='line_1_4' title="bbox 433 592 3422 683; baseline 0.002 -25"><span class='ocrx_word' id='word_1_12' title='bbox 433 592 846 660; x_wconf 84' lang='lat' dir='ltr'>declaramus</span> <span class='ocrx_word' id='word_1_13' title='bbox 896 592 979 660; x_wconf 91' lang='lat' dir='ltr'>de</span> <span class='ocrx_word' id='word_1_14' title='bbox 1030 594 1417 660; x_wconf 89' lang='lat' dir='ltr'>huiusmodi</span> <span class='ocrx_word' id='word_1_15' title='bbox 1467 596 1831 674; x_wconf 90' lang='lat' dir='ltr'>beneficiis,</span> <span class='ocrx_word' id='word_1_16' title='bbox 1884 597 2154 663; x_wconf 91' lang='lat' dir='ltr'>eciamsi</span> <span class='ocrx_word' id='word_1_17' title='bbox 2205 597 2589 682; x_wconf 85' lang='lat' dir='ltr'>dignitateS,</span> <span class='ocrx_word' id='word_1_18' title='bbox 2640 601 3036 683; x_wconf 84' lang='lat' dir='ltr'>personatus</span> <span class='ocrx_word' id='word_1_19' title='bbox 3085 602 3149 665; x_wconf 92' lang='lat' dir='ltr'>et</span> <span class='ocrx_word' id='word_1_20' title='bbox 3196 599 3422 666; x_wconf 86' lang='lat' dir='ltr'>officia</span> 
     </span>
     <span class='ocr_line' id='line_1_5' title="bbox 433 701 3420 790; baseline 0.002 -24"><span class='ocrx_word' id='word_1_21' title='bbox 433 701 566 766; x_wconf 92' lang='lat' dir='ltr'>sint</span> <span class='ocrx_word' id='word_1_22' title='bbox 614 703 727 767; x_wconf 92' lang='lat' dir='ltr'>aut</span> <span class='ocrx_word' id='word_1_23' title='bbox 775 701 1015 767; x_wconf 89' lang='lat' dir='ltr'>fuerint</span> <span class='ocrx_word' id='word_1_24' title='bbox 1063 704 1175 767; x_wconf 89' lang='lat' dir='ltr'>aut</span> <span class='ocrx_word' id='word_1_25' title='bbox 1222 720 1444 768; x_wconf 90' lang='lat' dir='ltr'>curam</span> <span class='ocrx_word' id='word_1_26' title='bbox 1495 703 1784 769; x_wconf 86' lang='lat' dir='ltr'>habeant</span> <span class='ocrx_word' id='word_1_27' title='bbox 1832 705 2226 782; x_wconf 89' lang='lat' dir='ltr'>animarum,</span> <span class='ocrx_word' id='word_1_28' title='bbox 2276 723 2406 789; x_wconf 91' lang='lat' dir='ltr'>que</span> <span class='ocrx_word' id='word_1_29' title='bbox 2441 724 2558 790; x_wconf 93' lang='lat' dir='ltr'>per</span> <span class='ocrx_word' id='word_1_30' title='bbox 2588 705 3092 772; x_wconf 87' lang='lat' dir='ltr'>assecucionem</span> <span class='ocrx_word' id='word_1_31' title='bbox 3134 707 3420 772; x_wconf 90' lang='lat' dir='ltr'>aliorum</span> 
     </span>
     <span class='ocr_line' id='line_1_6' title="bbox 436 807 3423 895; baseline 0.002 -22"><span class='ocrx_word' id='word_1_32' title='bbox 436 808 939 887; x_wconf 91' lang='lat' dir='ltr'>beneficiorum,</span> <span class='ocrx_word' id='word_1_33' title='bbox 1036 807 1118 874; x_wconf 89' lang='lat' dir='ltr'>de</span> <span class='ocrx_word' id='word_1_34' title='bbox 1198 809 1444 893; x_wconf 90' lang='lat' dir='ltr'>quibus</span> <span class='ocrx_word' id='word_1_35' title='bbox 1528 810 1934 876; x_wconf 89' lang='lat' dir='ltr'>collaciones</span> <span class='ocrx_word' id='word_1_36' title='bbox 2012 813 2076 877; x_wconf 92' lang='lat' dir='ltr'>et</span> <span class='ocrx_word' id='word_1_37' title='bbox 2153 811 2576 895; x_wconf 86' lang='lat' dir='ltr'>provisiones</span> <span class='ocrx_word' id='word_1_38' title='bbox 2651 811 2855 878; x_wconf 90' lang='lat' dir='ltr'>factas</span> <span class='ocrx_word' id='word_1_39' title='bbox 2942 814 3005 878; x_wconf 95' lang='lat' dir='ltr'>et</span> <span class='ocrx_word' id='word_1_40' title='bbox 3080 811 3423 879; x_wconf 90' lang='lat' dir='ltr'>faciendas</span> 
     </span>
     <span class='ocr_line' id='line_1_7' title="bbox 436 915 3421 1005; baseline 0.002 -26"><span class='ocrx_word' id='word_1_41' title='bbox 436 915 982 981; x_wconf 83' lang='lat' dir='ltr'>confirmavimus</span> <span class='ocrx_word' id='word_1_42' title='bbox 1060 918 1124 981; x_wconf 87' lang='lat' dir='ltr'>et</span> <span class='ocrx_word' id='word_1_43' title='bbox 1179 916 1728 983; x_wconf 84' lang='lat' dir='ltr'>confirmabimus</span> <span class='ocrx_word' id='word_1_44' title='bbox 1807 920 1921 984; x_wconf 91' lang='lat' dir='ltr'>aut</span> <span class='ocrx_word' id='word_1_45' title='bbox 1996 918 2457 984; x_wconf 87' lang='lat' dir='ltr'>concessimus</span> <span class='ocrx_word' id='word_1_46' title='bbox 2532 918 2673 984; x_wconf 89' lang='lat' dir='ltr'>sive</span> <span class='ocrx_word' id='word_1_47' title='bbox 2752 917 3239 1005; x_wconf 70' lang='lat' dir='ltr'>decrevimusss)</span> <span class='ocrx_word' id='word_1_48' title='bbox 3315 918 3421 985; x_wconf 92' lang='lat' dir='ltr'>vel</span> 
     </span>
     <span class='ocr_line' id='line_1_8' title="bbox 438 1022 3424 1101; baseline 0.002 -14"><span class='ocrx_word' id='word_1_49' title='bbox 438 1022 797 1100; x_wconf 81' lang='lat' dir='ltr'>voluimuS‚</span> <span class='ocrx_word' id='word_1_50' title='bbox 832 1022 1281 1089; x_wconf 90' lang='lat' dir='ltr'>concedemus</span> <span class='ocrx_word' id='word_1_51' title='bbox 1298 1024 1348 1101; x_wconf 80' lang='grc'>9)</span> <span class='ocrx_word' id='word_1_52' title='bbox 1392 1023 1533 1089; x_wconf 93' lang='lat' dir='ltr'>sive</span> <span class='ocrx_word' id='word_1_53' title='bbox 1566 1024 1876 1090; x_wconf 91' lang='lat' dir='ltr'>volemus</span> <span class='ocrx_word' id='word_1_54' title='bbox 1909 1028 2021 1090; x_wconf 85' lang='lat' dir='ltr'>aut</span> <span class='ocrx_word' id='word_1_55' title='bbox 2053 1024 2489 1091; x_wconf 88' lang='lat' dir='ltr'>decernemus</span> <span class='ocrx_word' id='word_1_56' title='bbox 2521 1025 2757 1090; x_wconf 91' lang='lat' dir='ltr'>valere.</span> <span class='ocrx_word' id='word_1_57' title='bbox 2806 1023 2961 1091; x_wconf 91' lang='lat' dir='ltr'>Non</span> <span class='ocrx_word' id='word_1_58' title='bbox 2996 1026 3424 1092; x_wconf 86' lang='lat' dir='ltr'>obstantibus</span> 
     </span>
     <span class='ocr_line' id='line_1_9' title="bbox 440 1128 3422 1217; baseline 0.001 -23"><span class='ocrx_word' id='word_1_59' title='bbox 440 1130 1012 1196; x_wconf 91' lang='lat' dir='ltr'>reservacionibus</span> <span class='ocrx_word' id='word_1_60' title='bbox 1071 1130 1254 1196; x_wconf 90' lang='lat' dir='ltr'>factis</span> <span class='ocrx_word' id='word_1_61' title='bbox 1301 1129 1575 1196; x_wconf 84' lang='lat' dir='ltr'>forsitan</span> <span class='ocrx_word' id='word_1_62' title='bbox 1625 1130 1708 1196; x_wconf 92' lang='lat' dir='ltr'>de</span> <span class='ocrx_word' id='word_1_63' title='bbox 1757 1130 2017 1197; x_wconf 90' lang='lat' dir='ltr'>eisdem</span> <span class='ocrx_word' id='word_1_64' title='bbox 2075 1128 2227 1217; x_wconf 94' lang='lat' dir='ltr'>(sic)</span> <span class='ocrx_word' id='word_1_65' title='bbox 2284 1136 2681 1198; x_wconf 90' lang='lat' dir='ltr'>vacaverunt</span> <span class='ocrx_word' id='word_1_66' title='bbox 2727 1133 2830 1199; x_wconf 94' lang='lat' dir='ltr'>vel</span> <span class='ocrx_word' id='word_1_67' title='bbox 2878 1135 3231 1212; x_wconf 84' lang='lat' dir='ltr'>vacabunt,</span> <span class='ocrx_word' id='word_1_68' title='bbox 3284 1151 3422 1198; x_wconf 91' lang='lat' dir='ltr'>non</span> 
     </span>
     <span class='ocr_line' id='line_1_10' title="bbox 437 1237 3424 1323; baseline 0.001 -22"><span class='ocrx_word' id='word_1_69' title='bbox 437 1237 740 1321; x_wconf 90' lang='lat' dir='ltr'>potuisse</span> <span class='ocrx_word' id='word_1_70' title='bbox 782 1255 903 1303; x_wconf 95' lang='lat' dir='ltr'>nec</span> <span class='ocrx_word' id='word_1_71' title='bbox 945 1255 1149 1322; x_wconf 93' lang='lat' dir='ltr'>posse</span> <span class='ocrx_word' id='word_1_72' title='bbox 1189 1255 1306 1322; x_wconf 93' lang='lat' dir='ltr'>per</span> <span class='ocrx_word' id='word_1_73' title='bbox 1339 1237 1541 1303; x_wconf 92' lang='lat' dir='ltr'>alium</span> <span class='ocrx_word' id='word_1_74' title='bbox 1570 1256 1772 1323; x_wconf 90' lang='lat' dir='ltr'>quam</span> <span class='ocrx_word' id='word_1_75' title='bbox 1809 1237 2184 1311; x_wconf 84' lang='lat' dir='ltr'>Romanum</span> <span class='ocrx_word' id='word_1_76' title='bbox 2212 1238 2597 1323; x_wconf 86' lang='lat' dir='ltr'>pontificem</span> <span class='ocrx_word' id='word_1_77' title='bbox 2627 1239 2935 1318; x_wconf 89' lang='lat' dir='ltr'>ordinari,</span> <span class='ocrx_word' id='word_1_78' title='bbox 2985 1240 3424 1306; x_wconf 88' lang='lat' dir='ltr'>decernentes</span> 
     </span>
     <span class='ocr_line' id='line_1_11' title="bbox 436 1343 3428 1430; baseline 0.001 -23"><span class='ocrx_word' id='word_1_79' title='bbox 436 1343 657 1408; x_wconf 88' lang='lat' dir='ltr'>iritum</span> <span class='ocrx_word' id='word_1_80' title='bbox 729 1345 792 1409; x_wconf 92' lang='lat' dir='ltr'>et</span> <span class='ocrx_word' id='word_1_81' title='bbox 864 1344 1063 1409; x_wconf 93' lang='lat' dir='ltr'>inane</span> <span class='ocrx_word' id='word_1_82' title='bbox 1135 1344 1190 1409; x_wconf 90' lang='lat' dir='ltr'>si</span> <span class='ocrx_word' id='word_1_83' title='bbox 1262 1362 1454 1410; x_wconf 90' lang='lat' dir='ltr'>secus</span> <span class='ocrx_word' id='word_1_84' title='bbox 1517 1362 1720 1429; x_wconf 91' lang='lat' dir='ltr'>super</span> <span class='ocrx_word' id='word_1_85' title='bbox 1767 1345 1894 1410; x_wconf 91' lang='lat' dir='ltr'>hiis</span> <span class='ocrx_word' id='word_1_86' title='bbox 1942 1364 1979 1410; x_wconf 94' lang='lat' dir='ltr'>a</span> <span class='ocrx_word' id='word_1_87' title='bbox 2028 1362 2371 1429; x_wconf 89' lang='lat' dir='ltr'>quoquam</span> <span class='ocrx_word' id='word_1_88' title='bbox 2422 1347 2659 1430; x_wconf 90' lang='lat' dir='ltr'>quavis</span> <span class='ocrx_word' id='word_1_89' title='bbox 2706 1347 3091 1412; x_wconf 90' lang='lat' dir='ltr'>auctoritate</span> <span class='ocrx_word' id='word_1_90' title='bbox 3140 1346 3428 1413; x_wconf 88' lang='lat' dir='ltr'>scienter</span> 
     </span>
    </p>
   </div>
   <div class='ocr_carea' id='block_1_4' title="bbox 435 1450 3423 1643">
    <p class='ocr_par' dir='ltr' id='par_1_4' title="bbox 435 1450 3423 1643">
     <span class='ocr_line' id='line_1_12' title="bbox 435 1450 3423 1539; baseline 0.001 -24"><span class='ocrx_word' id='word_1_91' title='bbox 435 1450 540 1515; x_wconf 94' lang='lat' dir='ltr'>vel</span> <span class='ocrx_word' id='word_1_92' title='bbox 561 1450 638 1535; x_wconf 80' lang='grc'>10)</span> <span class='ocrx_word' id='word_1_93' title='bbox 679 1450 1063 1534; x_wconf 86' lang='lat' dir='ltr'>ignoranter</span> <span class='ocrx_word' id='word_1_94' title='bbox 1108 1453 1570 1536; x_wconf 86' lang='lat' dir='ltr'>attemptatum</span> <span class='ocrx_word' id='word_1_95' title='bbox 1619 1451 1842 1518; x_wconf 89' lang='lat' dir='ltr'>forsan</span> <span class='ocrx_word' id='word_1_96' title='bbox 1894 1454 1995 1518; x_wconf 92' lang='lat' dir='ltr'>est</span> <span class='ocrx_word' id='word_1_97' title='bbox 2043 1452 2362 1519; x_wconf 87' lang='lat' dir='ltr'>hactenus</span> <span class='ocrx_word' id='word_1_98' title='bbox 2408 1453 2513 1519; x_wconf 93' lang='lat' dir='ltr'>vel</span> <span class='ocrx_word' id='word_1_99' title='bbox 2560 1455 2909 1538; x_wconf 86' lang='lat' dir='ltr'>contigerit</span> <span class='ocrx_word' id='word_1_100' title='bbox 2958 1455 3024 1519; x_wconf 91' lang='lat' dir='ltr'>in</span> <span class='ocrx_word' id='word_1_101' title='bbox 3076 1455 3423 1539; x_wconf 86' lang='lat' dir='ltr'>posterum</span> 
     </span>
     <span class='ocr_line' id='line_1_13' title="bbox 438 1557 1486 1643; baseline 0.002 -21"><span class='ocrx_word' id='word_1_102' title='bbox 438 1557 830 1642; x_wconf 86' lang='lat' dir='ltr'>attemptari.</span> <span class='ocrx_word' id='word_1_103' title='bbox 925 1557 1105 1624; x_wconf 92' lang='lat' dir='ltr'>Nulli</span> <span class='ocrx_word' id='word_1_104' title='bbox 1154 1575 1318 1643; x_wconf 89' lang='lat' dir='ltr'>ergo</span> <span class='ocrx_word' id='word_1_105' title='bbox 1367 1560 1486 1624; x_wconf 93' lang='lat' dir='ltr'>etc.</span> 
     </span>
    </p>
   </div>
   <div class='ocr_carea' id='block_1_5' title="bbox 650 1663 2647 1751">
    <p class='ocr_par' dir='ltr' id='par_1_5' title="bbox 650 1663 2647 1751">
     <span class='ocr_line' id='line_1_14' title="bbox 650 1663 2647 1751; baseline 0.002 -22"><span class='ocrx_word' id='word_1_106' title='bbox 650 1664 895 1730; x_wconf 91' lang='lat' dir='ltr'>Datum</span> <span class='ocrx_word' id='word_1_107' title='bbox 943 1663 1275 1731; x_wconf 84' lang='lat' dir='ltr'>Avinione</span> <span class='ocrx_word' id='word_1_108' title='bbox 1322 1664 1592 1751; x_wconf 84' lang='lat' dir='ltr'><strong>X1111.¹1)</strong></span> <span class='ocrx_word' id='word_1_109' title='bbox 1641 1667 1767 1732; x_wconf 90' lang='lat' dir='ltr'>kal.</span> <span class='ocrx_word' id='word_1_110' title='bbox 1814 1666 2109 1733; x_wconf 81' lang='lat' dir='ltr'>Januarii</span> <span class='ocrx_word' id='word_1_111' title='bbox 2158 1686 2216 1733; x_wconf 90' lang='lat' dir='ltr'>a.</span> <span class='ocrx_word' id='word_1_112' title='bbox 2267 1666 2647 1733; x_wconf 78' lang='lat' dir='ltr'>undecimo,</span> 
     </span>
    </p>
   </div>
   <div class='ocr_carea' id='block_1_6' title="bbox 438 1810 864 1817">
    <p class='ocr_par' dir='ltr' id='par_1_6' title="bbox 438 1810 864 1817">
     <span class='ocr_line' id='line_1_15' title="bbox 438 1810 864 1817; baseline 0 4008"><span class='ocrx_word' id='word_1_113' title='bbox 438 1810 864 1817; x_wconf 95' lang='lat' dir='ltr'> </span> 
     </span>
    </p>
   </div>
   <div class='ocr_carea' id='block_1_7' title="bbox 562 1875 2052 2659">
    <p class='ocr_par' dir='ltr' id='par_1_7' title="bbox 562 1875 927 1945">
     <span class='ocr_line' id='line_1_16' title="bbox 562 1875 927 1945; baseline 0.005 -15"><span class='ocrx_word' id='word_1_114' title='bbox 562 1875 604 1945; x_wconf 86' lang='lat'>1)</span> <span class='ocrx_word' id='word_1_115' title='bbox 644 1877 824 1932; x_wconf 86' lang='lat' dir='ltr'>deest:</span> <span class='ocrx_word' id='word_1_116' title='bbox 862 1878 927 1932; x_wconf 90' lang='lat' dir='ltr'>V.</span> 
     </span>
    </p>

    <p class='ocr_par' dir='ltr' id='par_1_8' title="bbox 563 1966 1060 2033">
     <span class='ocr_line' id='line_1_17' title="bbox 563 1966 1060 2033; baseline 0.002 -13"><span class='ocrx_word' id='word_1_117' title='bbox 563 1966 611 2033; x_wconf 78' lang='lat'>²)</span> <span class='ocrx_word' id='word_1_118' title='bbox 650 1967 954 2021; x_wconf 89' lang='lat' dir='ltr'>obtinebat:</span> <span class='ocrx_word' id='word_1_119' title='bbox 995 1967 1060 2021; x_wconf 93' lang='lat' dir='ltr'>V.</span> 
     </span>
    </p>

    <p class='ocr_par' dir='ltr' id='par_1_9' title="bbox 563 2056 1086 2126">
     <span class='ocr_line' id='line_1_18' title="bbox 563 2056 1086 2126; baseline 0.002 -16"><span class='ocrx_word' id='word_1_120' title='bbox 563 2056 609 2126; x_wconf 80' lang='lat'>³)</span> <span class='ocrx_word' id='word_1_121' title='bbox 647 2057 859 2111; x_wconf 89' lang='lat' dir='ltr'>diverse</span> <span class='ocrx_word' id='word_1_122' title='bbox 898 2056 981 2126; x_wconf 89' lang='lat'>(!):</span> <span class='ocrx_word' id='word_1_123' title='bbox 1024 2056 1086 2111; x_wconf 92' lang='lat' dir='ltr'>V.</span> 
     </span>
    </p>

    <p class='ocr_par' dir='ltr' id='par_1_10' title="bbox 562 2145 968 2214">
     <span class='ocr_line' id='line_1_19' title="bbox 562 2145 968 2214; baseline 0.005 -15"><span class='ocrx_word' id='word_1_124' title='bbox 562 2145 610 2213; x_wconf 76' lang='lat'>⁴)</span> <span class='ocrx_word' id='word_1_125' title='bbox 649 2148 740 2200; x_wconf 91' lang='lat' dir='ltr'>aut</span> <span class='ocrx_word' id='word_1_126' title='bbox 778 2145 865 2214; x_wconf 88' lang='lat'>(!):</span> <span class='ocrx_word' id='word_1_127' title='bbox 903 2146 968 2201; x_wconf 85' lang='lat' dir='ltr'><strong>V.</strong></span> 
     </span>
    </p>

    <p class='ocr_par' dir='ltr' id='par_1_11' title="bbox 566 2234 1062 2304">
     <span class='ocr_line' id='line_1_20' title="bbox 566 2234 1062 2304; baseline 0.002 -16"><span class='ocrx_word' id='word_1_128' title='bbox 566 2234 613 2304; x_wconf 81' lang='lat'>⁶)</span> <span class='ocrx_word' id='word_1_129' title='bbox 651 2235 956 2290; x_wconf 86' lang='lat' dir='ltr'>obtinebat:</span> <span class='ocrx_word' id='word_1_130' title='bbox 997 2236 1062 2290; x_wconf 90' lang='lat' dir='ltr'>V.</span> 
     </span>
    </p>

    <p class='ocr_par' dir='ltr' id='par_1_12' title="bbox 564 2323 970 2393">
     <span class='ocr_line' id='line_1_21' title="bbox 564 2323 970 2393; baseline -0.002 -15"><span class='ocrx_word' id='word_1_131' title='bbox 564 2324 610 2393; x_wconf 77' lang='lat'>⁶)</span> <span class='ocrx_word' id='word_1_132' title='bbox 649 2327 740 2393; x_wconf 89' lang='lat' dir='ltr'>qui</span> <span class='ocrx_word' id='word_1_133' title='bbox 780 2324 868 2393; x_wconf 89' lang='lat'>(!):</span> <span class='ocrx_word' id='word_1_134' title='bbox 906 2323 970 2378; x_wconf 90' lang='lat' dir='ltr'>V.</span> 
     </span>
    </p>

    <p class='ocr_par' dir='ltr' id='par_1_13' title="bbox 568 2413 972 2482">
     <span class='ocr_line' id='line_1_22' title="bbox 568 2413 972 2482; baseline 0.002 -15"><span class='ocrx_word' id='word_1_135' title='bbox 568 2413 615 2482; x_wconf 79' lang='grc'>7)</span> <span class='ocrx_word' id='word_1_136' title='bbox 655 2413 742 2468; x_wconf 93' lang='lat' dir='ltr'>illa</span> <span class='ocrx_word' id='word_1_137' title='bbox 783 2413 869 2481; x_wconf 90' lang='lat'>(!):</span> <span class='ocrx_word' id='word_1_138' title='bbox 907 2413 972 2468; x_wconf 93' lang='lat' dir='ltr'>V.</span> 
     </span>
    </p>

    <p class='ocr_par' dir='ltr' id='par_1_14' title="bbox 565 2502 1117 2571">
     <span class='ocr_line' id='line_1_23' title="bbox 565 2502 1117 2571; baseline -0.002 -14"><span class='ocrx_word' id='word_1_139' title='bbox 565 2502 610 2571; x_wconf 81' lang='grc'>8)</span> <span class='ocrx_word' id='word_1_140' title='bbox 651 2503 1014 2558; x_wconf 90' lang='lat' dir='ltr'>decernimus:</span> <span class='ocrx_word' id='word_1_141' title='bbox 1054 2502 1117 2557; x_wconf 91' lang='lat' dir='ltr'>V.</span> 
     </span>
    </p>

    <p class='ocr_par' dir='ltr' id='par_1_15' title="bbox 568 2592 2052 2659">
     <span class='ocr_line' id='line_1_24' title="bbox 568 2592 2052 2659; baseline 0 -12"><span class='ocrx_word' id='word_1_142' title='bbox 568 2592 612 2659; x_wconf 82' lang='lat'>⁹)</span> <span class='ocrx_word' id='word_1_143' title='bbox 651 2592 1000 2647; x_wconf 88' lang='lat' dir='ltr'>concedimus</span> <span class='ocrx_word' id='word_1_144' title='bbox 1036 2596 1153 2647; x_wconf 90' lang='lat' dir='ltr'>sive</span> <span class='ocrx_word' id='word_1_145' title='bbox 1191 2593 1447 2646; x_wconf 89' lang='lat' dir='ltr'>volumus</span> <span class='ocrx_word' id='word_1_146' title='bbox 1485 2608 1545 2647; x_wconf 90' lang='lat' dir='ltr'>ac</span> <span class='ocrx_word' id='word_1_147' title='bbox 1583 2593 1948 2647; x_wconf 89' lang='lat' dir='ltr'>decernimus:</span> <span class='ocrx_word' id='word_1_148' title='bbox 1989 2592 2052 2647; x_wconf 94' lang='lat' dir='ltr'><strong>V.</strong></span> 
     </span>
    </p>
   </div>
   <div class='ocr_carea' id='block_1_8' title="bbox 551 2680 1410 2839">
    <p class='ocr_par' dir='ltr' id='par_1_16' title="bbox 551 2680 1410 2839">
     <span class='ocr_line' id='line_1_25' title="bbox 552 2680 1410 2749; baseline -0.003 -11"><span class='ocrx_word' id='word_1_149' title='bbox 552 2680 618 2749; x_wconf 88' lang='lat'>¹⁰)</span> <span class='ocrx_word' id='word_1_150' title='bbox 659 2683 842 2737; x_wconf 89' lang='lat' dir='ltr'>ultima</span> <span class='ocrx_word' id='word_1_151' title='bbox 881 2683 1045 2737; x_wconf 91' lang='lat' dir='ltr'>verba</span> <span class='ocrx_word' id='word_1_152' title='bbox 1084 2682 1305 2737; x_wconf 89' lang='lat' dir='ltr'>desunt:</span> <span class='ocrx_word' id='word_1_153' title='bbox 1345 2681 1410 2735; x_wconf 94' lang='lat' dir='ltr'><strong>V.</strong></span> 
     </span>
     <span class='ocr_line' id='line_1_26' title="bbox 551 2770 912 2839; baseline -0.003 -12"><span class='ocrx_word' id='word_1_154' title='bbox 551 2770 618 2839; x_wconf 82' lang='grc'>11)</span> <span class='ocrx_word' id='word_1_155' title='bbox 658 2771 807 2826; x_wconf 84' lang='grc' dir='ltr'><strong>ΧΙΙΙ.;</strong></span> <span class='ocrx_word' id='word_1_156' title='bbox 848 2772 912 2826; x_wconf 98' lang='lat' dir='ltr'><strong>V.</strong></span> 
     </span>
    </p>
   </div>
   <div class='ocr_carea' id='block_1_9' title="bbox 1876 3076 2002 3155">
    <p class='ocr_par' dir='ltr' id='par_1_17' title="bbox 1876 3076 2002 3155">
     <span class='ocr_line' id='line_1_27' title="bbox 1876 3076 2002 3155; baseline 0 0"><span class='ocrx_word' id='word_1_157' title='bbox 1876 3076 2002 3155; x_wconf 87' lang='lat'><strong>47.</strong></span> 
     </span>
    </p>
   </div>
   <div class='ocr_carea' id='block_1_10' title="bbox 446 3200 1692 3360">
    <p class='ocr_par' dir='ltr' id='par_1_18' title="bbox 446 3200 1692 3360">
     <span class='ocr_line' id='line_1_28' title="bbox 449 3200 868 3255; baseline 0.005 -4"><span class='ocrx_word' id='word_1_158' title='bbox 449 3200 586 3255; x_wconf 87' lang='grc'>1360</span> <span class='ocrx_word' id='word_1_159' title='bbox 620 3200 745 3254; x_wconf 67' lang='lat' dir='ltr'>,lulli</span> <span class='ocrx_word' id='word_1_160' title='bbox 788 3201 868 3254; x_wconf 92' lang='lat'><strong>10.</strong></span> 
     </span>
     <span class='ocr_line' id='line_1_29' title="bbox 446 3288 1692 3360; baseline 0 -18"><span class='ocrx_word' id='word_1_161' title='bbox 446 3289 574 3360; x_wconf 84' lang='lat' dir='ltr'>Reg.</span> <span class='ocrx_word' id='word_1_162' title='bbox 612 3290 786 3344; x_wconf 83' lang='lat' dir='ltr'>Aven.</span> <span class='ocrx_word' id='word_1_163' title='bbox 825 3289 1004 3344; x_wconf 85' lang='lat' dir='ltr'>Innoc.</span> <span class='ocrx_word' id='word_1_164' title='bbox 1043 3289 1129 3344; x_wconf 89' lang='lat' dir='ltr'>Vl.</span> <span class='ocrx_word' id='word_1_165' title='bbox 1170 3291 1206 3343; x_wconf 93' lang='lat' dir='ltr'>t.</span> <span class='ocrx_word' id='word_1_166' title='bbox 1244 3289 1314 3343; x_wconf 92' lang='grc'>23</span> <span class='ocrx_word' id='word_1_167' title='bbox 1350 3289 1442 3344; x_wconf 89' lang='lat' dir='ltr'>fol.</span> <span class='ocrx_word' id='word_1_168' title='bbox 1481 3289 1579 3344; x_wconf 87' lang='grc'>391</span> <span class='ocrx_word' id='word_1_169' title='bbox 1605 3288 1692 3343; x_wconf 87' lang='lat' dir='ltr'><strong>t.⁰.</strong></span> 
     </span>
    </p>
   </div>
   <div class='ocr_carea' id='block_1_11' title="bbox 445 3464 3424 3654">
    <p class='ocr_par' dir='ltr' id='par_1_19' title="bbox 445 3464 3424 3654">
     <span class='ocr_line' id='line_1_30' title="bbox 570 3464 3424 3552; baseline -0 -19"><span class='ocrx_word' id='word_1_170' title='bbox 570 3551 573 3552; x_wconf 15' lang='lat'><em>⁷</em></span> <span class='ocrx_word' id='word_1_171' title='bbox 658 3467 918 3534; x_wconf 89' lang='lat' dir='ltr'>Dilecto</span> <span class='ocrx_word' id='word_1_172' title='bbox 965 3468 1107 3534; x_wconf 89' lang='lat' dir='ltr'>filio</span> <span class='ocrx_word' id='word_1_173' title='bbox 1156 3467 1466 3546; x_wconf 87' lang='lat' dir='ltr'>Henric0,</span> <span class='ocrx_word' id='word_1_174' title='bbox 1516 3471 1672 3534; x_wconf 86' lang='lat' dir='ltr'>nato</span> <span class='ocrx_word' id='word_1_175' title='bbox 1723 3466 2065 3552; x_wconf 91' lang='lat' dir='ltr'>quondam</span> <span class='ocrx_word' id='word_1_176' title='bbox 2137 3465 2403 3532; x_wconf 84' lang='lat' dir='ltr'>Henrici</span> <span class='ocrx_word' id='word_1_177' title='bbox 2476 3465 2559 3531; x_wconf 90' lang='lat' dir='ltr'>de</span> <span class='ocrx_word' id='word_1_178' title='bbox 2627 3464 3013 3545; x_wconf 79' lang='lat' dir='ltr'>ValkenOW,</span> <span class='ocrx_word' id='word_1_179' title='bbox 3097 3469 3424 3552; x_wconf 91' lang='lat' dir='ltr'>perpetuo</span> 
     </span>
     <span class='ocr_line' id='line_1_31' title="bbox 445 3574 2234 3654; baseline -0.001 -14"><span class='ocrx_word' id='word_1_180' title='bbox 445 3575 692 3642; x_wconf 92' lang='lat' dir='ltr'>vicario</span> <span class='ocrx_word' id='word_1_181' title='bbox 743 3575 808 3640; x_wconf 92' lang='lat' dir='ltr'>in</span> <span class='ocrx_word' id='word_1_182' title='bbox 856 3575 1134 3641; x_wconf 92' lang='lat' dir='ltr'>ecclesia</span> <span class='ocrx_word' id='word_1_183' title='bbox 1181 3574 1732 3654; x_wconf 90' lang='lat' dir='ltr'>Wratislauiensi,</span> <span class='ocrx_word' id='word_1_184' title='bbox 1782 3576 2064 3642; x_wconf 88' lang='lat' dir='ltr'>salutem</span> <span class='ocrx_word' id='word_1_185' title='bbox 2115 3576 2234 3639; x_wconf 92' lang='lat' dir='ltr'>etc.</span> 
     </span>
    </p>
   </div>
   <div class='ocr_carea' id='block_1_12' title="bbox 449 3696 3432 5386">
    <p class='ocr_par' dir='ltr' id='par_1_20' title="bbox 449 3696 3432 5386">
     <span class='ocr_line' id='line_1_32' title="bbox 661 3696 3420 3785; baseline -0 -21"><span class='ocrx_word' id='word_1_186' title='bbox 661 3698 1099 3767; x_wconf 87' lang='lat' dir='ltr'>Probitatis</span> <span class='ocrx_word' id='word_1_187' title='bbox 1148 3701 1222 3765; x_wconf 87' lang='lat' dir='ltr'>et</span> <span class='ocrx_word' id='word_1_188' title='bbox 1267 3700 1645 3765; x_wconf 86' lang='lat' dir='ltr'>virtutum</span> <span class='ocrx_word' id='word_1_189' title='bbox 1682 3701 1985 3779; x_wconf 90' lang='lat' dir='ltr'>merita,</span> <span class='ocrx_word' id='word_1_190' title='bbox 2022 3699 2268 3785; x_wconf 92' lang='lat' dir='ltr'>quibus</span> <span class='ocrx_word' id='word_1_191' title='bbox 2303 3715 2656 3783; x_wconf 89' lang='lat' dir='ltr'>personam</span> <span class='ocrx_word' id='word_1_192' title='bbox 2693 3699 2873 3763; x_wconf 86' lang='lat' dir='ltr'>tuam</span> <span class='ocrx_word' id='word_1_193' title='bbox 2921 3696 3420 3781; x_wconf 89' lang='lat' dir='ltr'>fidedignorum</span> 
     </span>
     <span class='ocr_line' id='line_1_33' title="bbox 449 3803 3425 3892; baseline -0.001 -20"><span class='ocrx_word' id='word_1_194' title='bbox 449 3806 837 3873; x_wconf 87' lang='lat' dir='ltr'>testimonio</span> <span class='ocrx_word' id='word_1_195' title='bbox 888 3806 1095 3873; x_wconf 91' lang='lat' dir='ltr'>iuvari</span> <span class='ocrx_word' id='word_1_196' title='bbox 1160 3806 1602 3892; x_wconf 91' lang='lat' dir='ltr'>percepimus,</span> <span class='ocrx_word' id='word_1_197' title='bbox 1667 3825 1793 3873; x_wconf 90' lang='lat' dir='ltr'>nos</span> <span class='ocrx_word' id='word_1_198' title='bbox 1866 3807 2207 3884; x_wconf 88' lang='lat' dir='ltr'>inducunt,</span> <span class='ocrx_word' id='word_1_199' title='bbox 2273 3807 2343 3870; x_wconf 95' lang='lat' dir='ltr'>ut</span> <span class='ocrx_word' id='word_1_200' title='bbox 2418 3806 2484 3870; x_wconf 92' lang='lat' dir='ltr'>te</span> <span class='ocrx_word' id='word_1_201' title='bbox 2559 3803 2745 3870; x_wconf 92' lang='lat' dir='ltr'>dono</span> <span class='ocrx_word' id='word_1_202' title='bbox 2825 3803 3135 3889; x_wconf 88' lang='lat' dir='ltr'>specialis</span> <span class='ocrx_word' id='word_1_203' title='bbox 3205 3803 3425 3889; x_wconf 88' lang='lat' dir='ltr'>gracie</span> 
     </span>
     <span class='ocr_line' id='line_1_34' title="bbox 451 3910 3424 4000; baseline -0.001 -21"><span class='ocrx_word' id='word_1_204' title='bbox 451 3931 953 3998; x_wconf 89' lang='lat' dir='ltr'>prosequamur.</span> <span class='ocrx_word' id='word_1_205' title='bbox 1012 3912 1184 3979; x_wconf 91' lang='lat' dir='ltr'>Cum</span> <span class='ocrx_word' id='word_1_206' title='bbox 1221 3914 1448 4000; x_wconf 87' lang='lat' dir='ltr'>itaque</span> <span class='ocrx_word' id='word_1_207' title='bbox 1480 3917 1796 3999; x_wconf 89' lang='lat' dir='ltr'>perpetua</span> <span class='ocrx_word' id='word_1_208' title='bbox 1832 3913 2073 3979; x_wconf 90' lang='lat' dir='ltr'>vicaria</span> <span class='ocrx_word' id='word_1_209' title='bbox 2122 3912 2188 3977; x_wconf 93' lang='lat' dir='ltr'>in</span> <span class='ocrx_word' id='word_1_210' title='bbox 2224 3911 2501 3978; x_wconf 91' lang='lat' dir='ltr'>ecclesia</span> <span class='ocrx_word' id='word_1_211' title='bbox 2538 3910 3063 3977; x_wconf 86' lang='lat' dir='ltr'>Wratislauiensi</span> <span class='ocrx_word' id='word_1_212' title='bbox 3097 3911 3424 3977; x_wconf 91' lang='lat' dir='ltr'>vacaverit</span> 
     </span>
     <span class='ocr_line' id='line_1_35' title="bbox 450 4015 3430 4107; baseline -0.001 -21"><span class='ocrx_word' id='word_1_213' title='bbox 450 4022 512 4086; x_wconf 95' lang='lat' dir='ltr'>et</span> <span class='ocrx_word' id='word_1_214' title='bbox 558 4024 744 4086; x_wconf 89' lang='lat' dir='ltr'>vacet</span> <span class='ocrx_word' id='word_1_215' title='bbox 792 4020 874 4086; x_wconf 92' lang='lat' dir='ltr'>ad</span> <span class='ocrx_word' id='word_1_216' title='bbox 911 4039 1207 4106; x_wconf 81' lang='lat' dir='ltr'>presenS,</span> <span class='ocrx_word' id='word_1_217' title='bbox 1243 4019 1425 4107; x_wconf 92' lang='lat' dir='ltr'>quod</span> <span class='ocrx_word' id='word_1_218' title='bbox 1460 4019 1739 4087; x_wconf 89' lang='lat' dir='ltr'>dilectus</span> <span class='ocrx_word' id='word_1_219' title='bbox 1786 4020 1967 4086; x_wconf 90' lang='lat' dir='ltr'>filius</span> <span class='ocrx_word' id='word_1_220' title='bbox 2006 4019 2353 4086; x_wconf 80' lang='lat' dir='ltr'>Johannes</span> <span class='ocrx_word' id='word_1_221' title='bbox 2401 4017 2615 4084; x_wconf 89' lang='lat' dir='ltr'>dictus</span> <span class='ocrx_word' id='word_1_222' title='bbox 2672 4017 2755 4083; x_wconf 91' lang='lat' dir='ltr'>de</span> <span class='ocrx_word' id='word_1_223' title='bbox 2785 4015 3170 4096; x_wconf 83' lang='lat' dir='ltr'>valkenow,</span> <span class='ocrx_word' id='word_1_224' title='bbox 3222 4022 3430 4084; x_wconf 89' lang='lat' dir='ltr'>rector</span> 
     </span>
     <span class='ocr_line' id='line_1_36' title="bbox 452 4124 3423 4211; baseline -0.001 -18"><span class='ocrx_word' id='word_1_225' title='bbox 452 4127 879 4211; x_wconf 88' lang='lat' dir='ltr'>parrochialis</span> <span class='ocrx_word' id='word_1_226' title='bbox 929 4128 1208 4194; x_wconf 88' lang='lat' dir='ltr'>ecclesie</span> <span class='ocrx_word' id='word_1_227' title='bbox 1260 4128 1327 4192; x_wconf 93' lang='lat' dir='ltr'>in</span> <span class='ocrx_word' id='word_1_228' title='bbox 1378 4126 1949 4209; x_wconf 84' lang='lat' dir='ltr'>Pothwinsdorf1),</span> <span class='ocrx_word' id='word_1_229' title='bbox 1998 4125 2563 4192; x_wconf 89' lang='lat' dir='ltr'>Wratislauiensis</span> <span class='ocrx_word' id='word_1_230' title='bbox 2613 4124 2923 4202; x_wconf 76' lang='lat' dir='ltr'>diocesiS,</span> <span class='ocrx_word' id='word_1_231' title='bbox 2974 4126 3132 4190; x_wconf 90' lang='lat' dir='ltr'>tunc</span> <span class='ocrx_word' id='word_1_232' title='bbox 3180 4125 3423 4192; x_wconf 90' lang='lat' dir='ltr'>dictam</span> 
     </span>
     <span class='ocr_line' id='line_1_37' title="bbox 450 4231 3425 4319; baseline -0.001 -20"><span class='ocrx_word' id='word_1_233' title='bbox 450 4234 757 4300; x_wconf 89' lang='lat' dir='ltr'>vicariam</span> <span class='ocrx_word' id='word_1_234' title='bbox 807 4235 1145 4313; x_wconf 86' lang='lat' dir='ltr'>obtinens,</span> <span class='ocrx_word' id='word_1_235' title='bbox 1216 4233 1520 4300; x_wconf 90' lang='lat' dir='ltr'>eiusdem</span> <span class='ocrx_word' id='word_1_236' title='bbox 1595 4234 2023 4319; x_wconf 86' lang='lat' dir='ltr'>parrochialis</span> <span class='ocrx_word' id='word_1_237' title='bbox 2094 4232 2372 4299; x_wconf 92' lang='lat' dir='ltr'>ecclesie</span> <span class='ocrx_word' id='word_1_238' title='bbox 2449 4234 2606 4298; x_wconf 86' lang='lat' dir='ltr'>tunc</span> <span class='ocrx_word' id='word_1_239' title='bbox 2675 4231 2969 4297; x_wconf 90' lang='lat' dir='ltr'>vacantis</span> <span class='ocrx_word' id='word_1_240' title='bbox 3040 4232 3425 4297; x_wconf 89' lang='lat' dir='ltr'>auctoritate</span> 
     </span>
     <span class='ocr_line' id='line_1_38' title="bbox 452 4336 3427 4426; baseline -0.001 -20"><span class='ocrx_word' id='word_1_241' title='bbox 452 4341 805 4407; x_wconf 86' lang='lat' dir='ltr'>litterarum</span> <span class='ocrx_word' id='word_1_242' title='bbox 834 4344 1205 4407; x_wconf 91' lang='lat' dir='ltr'>nostrarum</span> <span class='ocrx_word' id='word_1_243' title='bbox 1241 4341 1368 4407; x_wconf 91' lang='lat' dir='ltr'>sibi</span> <span class='ocrx_word' id='word_1_244' title='bbox 1403 4340 1659 4419; x_wconf 90' lang='lat' dir='ltr'>collate,</span> <span class='ocrx_word' id='word_1_245' title='bbox 1695 4341 2202 4426; x_wconf 90' lang='lat' dir='ltr'>possessionem</span> <span class='ocrx_word' id='word_1_246' title='bbox 2239 4338 2583 4424; x_wconf 89' lang='lat' dir='ltr'>pacificam</span> <span class='ocrx_word' id='word_1_247' title='bbox 2617 4341 2720 4404; x_wconf 91' lang='lat' dir='ltr'>est</span> <span class='ocrx_word' id='word_1_248' title='bbox 2750 4336 3033 4423; x_wconf 88' lang='lat' dir='ltr'>adeptus</span> <span class='ocrx_word' id='word_1_249' title='bbox 3068 4337 3427 4424; x_wconf 90' lang='lat' dir='ltr'>nullusque</span> 
     </span>
     <span class='ocr_line' id='line_1_39' title="bbox 452 4444 3424 4534; baseline -0.001 -22"><span class='ocrx_word' id='word_1_250' title='bbox 452 4446 535 4513; x_wconf 89' lang='lat' dir='ltr'>de</span> <span class='ocrx_word' id='word_1_251' title='bbox 584 4447 757 4514; x_wconf 90' lang='lat' dir='ltr'>dicta</span> <span class='ocrx_word' id='word_1_252' title='bbox 806 4448 1045 4514; x_wconf 90' lang='lat' dir='ltr'>vicaria</span> <span class='ocrx_word' id='word_1_253' title='bbox 1095 4451 1310 4534; x_wconf 91' lang='lat' dir='ltr'>preter</span> <span class='ocrx_word' id='word_1_254' title='bbox 1357 4466 1483 4513; x_wconf 91' lang='lat' dir='ltr'>nos</span> <span class='ocrx_word' id='word_1_255' title='bbox 1533 4448 1654 4513; x_wconf 95' lang='lat' dir='ltr'>hac</span> <span class='ocrx_word' id='word_1_256' title='bbox 1679 4448 1821 4513; x_wconf 92' lang='lat' dir='ltr'>vice</span> <span class='ocrx_word' id='word_1_257' title='bbox 1871 4447 2230 4532; x_wconf 92' lang='lat' dir='ltr'>disponere</span> <span class='ocrx_word' id='word_1_258' title='bbox 2282 4445 2570 4530; x_wconf 92' lang='lat' dir='ltr'>potuerit</span> <span class='ocrx_word' id='word_1_259' title='bbox 2617 4462 2838 4529; x_wconf 90' lang='lat' dir='ltr'>neque</span> <span class='ocrx_word' id='word_1_260' title='bbox 2886 4444 3104 4529; x_wconf 86' lang='lat' dir='ltr'>possit</span> <span class='ocrx_word' id='word_1_261' title='bbox 3153 4462 3274 4529; x_wconf 91' lang='lat' dir='ltr'>pro</span> <span class='ocrx_word' id='word_1_262' title='bbox 3325 4462 3424 4522; x_wconf 94' lang='lat' dir='ltr'>e0‚</span> 
     </span>
     <span class='ocr_line' id='line_1_40' title="bbox 454 4551 3423 4638; baseline -0.001 -19"><span class='ocrx_word' id='word_1_263' title='bbox 454 4555 634 4638; x_wconf 90' lang='lat' dir='ltr'>quod</span> <span class='ocrx_word' id='word_1_264' title='bbox 686 4573 812 4621; x_wconf 92' lang='lat' dir='ltr'>nos</span> <span class='ocrx_word' id='word_1_265' title='bbox 861 4554 974 4620; x_wconf 89' lang='lat' dir='ltr'>diu</span> <span class='ocrx_word' id='word_1_266' title='bbox 1024 4558 1176 4620; x_wconf 87' lang='lat' dir='ltr'>ante</span> <span class='ocrx_word' id='word_1_267' title='bbox 1224 4555 1657 4620; x_wconf 91' lang='lat' dir='ltr'>vocacionem</span> <span class='ocrx_word' id='word_1_268' title='bbox 1692 4553 2081 4620; x_wconf 89' lang='lat' dir='ltr'>huiusmodi</span> <span class='ocrx_word' id='word_1_269' title='bbox 2131 4553 2356 4619; x_wconf 87' lang='lat' dir='ltr'>omnia</span> <span class='ocrx_word' id='word_1_270' title='bbox 2406 4551 2731 4618; x_wconf 90' lang='lat' dir='ltr'>beneficia</span> <span class='ocrx_word' id='word_1_271' title='bbox 2779 4551 3227 4617; x_wconf 90' lang='lat' dir='ltr'>ecclesiastica</span> <span class='ocrx_word' id='word_1_272' title='bbox 3274 4569 3423 4617; x_wconf 91' lang='lat' dir='ltr'>curn</span> 
     </span>
     <span class='ocr_line' id='line_1_41' title="bbox 450 4658 3423 4748; baseline -0.001 -22"><span class='ocrx_word' id='word_1_273' title='bbox 450 4679 603 4727; x_wconf 90' lang='lat' dir='ltr'>cura</span> <span class='ocrx_word' id='word_1_274' title='bbox 673 4664 736 4728; x_wconf 93' lang='lat' dir='ltr'>et</span> <span class='ocrx_word' id='word_1_275' title='bbox 783 4662 928 4728; x_wconf 90' lang='lat' dir='ltr'>sine</span> <span class='ocrx_word' id='word_1_276' title='bbox 976 4681 1126 4728; x_wconf 91' lang='lat' dir='ltr'>cura</span> <span class='ocrx_word' id='word_1_277' title='bbox 1199 4678 1751 4748; x_wconf 89' lang='lat' dir='ltr'>quorumcunque</span> <span class='ocrx_word' id='word_1_278' title='bbox 1813 4679 1931 4746; x_wconf 93' lang='lat' dir='ltr'>per</span> <span class='ocrx_word' id='word_1_279' title='bbox 1991 4659 2492 4727; x_wconf 91' lang='lat' dir='ltr'>assecucionem</span> <span class='ocrx_word' id='word_1_280' title='bbox 2542 4658 2885 4744; x_wconf 89' lang='lat' dir='ltr'>pacificam</span> <span class='ocrx_word' id='word_1_281' title='bbox 2946 4658 3423 4744; x_wconf 88' lang='lat' dir='ltr'>parochialium</span> 
     </span>
     <span class='ocr_line' id='line_1_42' title="bbox 454 4766 3428 4851; baseline -0.001 -18"><span class='ocrx_word' id='word_1_282' title='bbox 454 4768 880 4834; x_wconf 90' lang='lat' dir='ltr'>ecclesiarum</span> <span class='ocrx_word' id='word_1_283' title='bbox 929 4772 994 4834; x_wconf 89' lang='lat' dir='ltr'>et</span> <span class='ocrx_word' id='word_1_284' title='bbox 1041 4768 1519 4835; x_wconf 90' lang='lat' dir='ltr'>beneficiorum</span> <span class='ocrx_word' id='word_1_285' title='bbox 1570 4768 1851 4834; x_wconf 91' lang='lat' dir='ltr'>aliorum</span> <span class='ocrx_word' id='word_1_286' title='bbox 1900 4767 2496 4834; x_wconf 90' lang='lat' dir='ltr'>ecclesiasticorum</span> <span class='ocrx_word' id='word_1_287' title='bbox 2549 4784 2666 4851; x_wconf 91' lang='lat' dir='ltr'>per</span> <span class='ocrx_word' id='word_1_288' title='bbox 2713 4784 2840 4831; x_wconf 92' lang='lat' dir='ltr'>nos</span> <span class='ocrx_word' id='word_1_289' title='bbox 2889 4782 3007 4831; x_wconf 93' lang='lat' dir='ltr'>seu</span> <span class='ocrx_word' id='word_1_290' title='bbox 3042 4766 3428 4832; x_wconf 86' lang='lat' dir='ltr'>auctoritate</span> 
     </span>
     <span class='ocr_line' id='line_1_43' title="bbox 452 4872 3427 4942; baseline -0.001 -2"><span class='ocrx_word' id='word_1_291' title='bbox 452 4877 675 4941; x_wconf 88' lang='lat' dir='ltr'>nostra</span> <span class='ocrx_word' id='word_1_292' title='bbox 752 4878 909 4942; x_wconf 92' lang='lat' dir='ltr'>tunc</span> <span class='ocrx_word' id='word_1_293' title='bbox 970 4875 1360 4941; x_wconf 90' lang='lat' dir='ltr'>collatorum</span> <span class='ocrx_word' id='word_1_294' title='bbox 1440 4877 1504 4940; x_wconf 92' lang='lat' dir='ltr'>et</span> <span class='ocrx_word' id='word_1_295' title='bbox 1578 4875 1643 4940; x_wconf 91' lang='lat' dir='ltr'>in</span> <span class='ocrx_word' id='word_1_296' title='bbox 1717 4878 1911 4942; x_wconf 87' lang='lat' dir='ltr'>antea</span> <span class='ocrx_word' id='word_1_297' title='bbox 1981 4872 2531 4942; x_wconf 88' lang='lat' dir='ltr'>conferendorum</span> <span class='ocrx_word' id='word_1_298' title='bbox 2609 4874 2705 4939; x_wconf 95' lang='lat' dir='ltr'>eis</span> <span class='ocrx_word' id='word_1_299' title='bbox 2776 4876 2934 4939; x_wconf 89' lang='lat' dir='ltr'>tunc</span> <span class='ocrx_word' id='word_1_300' title='bbox 2988 4872 3304 4938; x_wconf 90' lang='lat' dir='ltr'>vacancia</span> <span class='ocrx_word' id='word_1_301' title='bbox 3364 4875 3427 4938; x_wconf 92' lang='lat' dir='ltr'>et</span> 
     </span>
     <span class='ocr_line' id='line_1_44' title="bbox 457 4978 3427 5066; baseline -0.001 -19"><span class='ocrx_word' id='word_1_302' title='bbox 457 4982 891 5066; x_wconf 89' lang='lat' dir='ltr'>imposterum</span> <span class='ocrx_word' id='word_1_303' title='bbox 919 4985 1379 5048; x_wconf 90' lang='lat' dir='ltr'>vacaturorum</span> <span class='ocrx_word' id='word_1_304' title='bbox 1396 4981 1745 5047; x_wconf 90' lang='lat' dir='ltr'>collacioni</span> <span class='ocrx_word' id='word_1_305' title='bbox 1773 4984 1837 5047; x_wconf 92' lang='lat' dir='ltr'>et</span> <span class='ocrx_word' id='word_1_306' title='bbox 1855 4980 2536 5066; x_wconf 91' lang='lat' dir='ltr'>disposicioninostre</span> <span class='ocrx_word' id='word_1_307' title='bbox 2554 4981 2984 5058; x_wconf 79' lang='lat' dir='ltr'>reservanteS,</span> <span class='ocrx_word' id='word_1_308' title='bbox 3012 4978 3427 5044; x_wconf 88' lang='lat' dir='ltr'>decrevimus</span> 
     </span>
     <span class='ocr_line' id='line_1_45' title="bbox 456 5085 3426 5172; baseline -0.001 -19"><span class='ocrx_word' id='word_1_309' title='bbox 456 5106 537 5154; x_wconf 90' lang='lat' dir='ltr'>ex</span> <span class='ocrx_word' id='word_1_310' title='bbox 583 5091 739 5155; x_wconf 90' lang='lat' dir='ltr'>tunc</span> <span class='ocrx_word' id='word_1_311' title='bbox 788 5089 1035 5154; x_wconf 88' lang='lat' dir='ltr'>irritum</span> <span class='ocrx_word' id='word_1_312' title='bbox 1109 5091 1173 5154; x_wconf 87' lang='lat' dir='ltr'>et</span> <span class='ocrx_word' id='word_1_313' title='bbox 1222 5089 1441 5166; x_wconf 90' lang='lat' dir='ltr'>inane,</span> <span class='ocrx_word' id='word_1_314' title='bbox 1492 5089 1548 5153; x_wconf 92' lang='lat' dir='ltr'>si</span> <span class='ocrx_word' id='word_1_315' title='bbox 1598 5106 1789 5154; x_wconf 89' lang='lat' dir='ltr'>secus</span> <span class='ocrx_word' id='word_1_316' title='bbox 1840 5106 2042 5172; x_wconf 94' lang='lat' dir='ltr'>super</span> <span class='ocrx_word' id='word_1_317' title='bbox 2090 5086 2218 5152; x_wconf 91' lang='lat' dir='ltr'>hiis</span> <span class='ocrx_word' id='word_1_318' title='bbox 2267 5106 2305 5152; x_wconf 92' lang='lat' dir='ltr'>a</span> <span class='ocrx_word' id='word_1_319' title='bbox 2353 5104 2697 5171; x_wconf 89' lang='lat' dir='ltr'>quoquam</span> <span class='ocrx_word' id='word_1_320' title='bbox 2751 5086 2988 5170; x_wconf 90' lang='lat' dir='ltr'>quavis</span> <span class='ocrx_word' id='word_1_321' title='bbox 3036 5085 3426 5151; x_wconf 89' lang='lat' dir='ltr'>auctoritate</span> 
     </span>
     <span class='ocr_line' id='line_1_46' title="bbox 456 5192 3428 5281; baseline -0.001 -20"><span class='ocrx_word' id='word_1_322' title='bbox 456 5196 739 5261; x_wconf 90' lang='lat' dir='ltr'>scienter</span> <span class='ocrx_word' id='word_1_323' title='bbox 786 5195 887 5262; x_wconf 93' lang='lat' dir='ltr'>vel</span> <span class='ocrx_word' id='word_1_324' title='bbox 937 5196 1321 5281; x_wconf 86' lang='lat' dir='ltr'>ignoranter</span> <span class='ocrx_word' id='word_1_325' title='bbox 1380 5194 1734 5279; x_wconf 86' lang='lat' dir='ltr'>contigerit</span> <span class='ocrx_word' id='word_1_326' title='bbox 1781 5194 2175 5278; x_wconf 89' lang='lat' dir='ltr'>attemptari.</span> <span class='ocrx_word' id='word_1_327' title='bbox 2226 5192 2369 5259; x_wconf 94' lang='lat' dir='ltr'>Nos</span> <span class='ocrx_word' id='word_1_328' title='bbox 2417 5193 2721 5258; x_wconf 91' lang='lat' dir='ltr'>volentes</span> <span class='ocrx_word' id='word_1_329' title='bbox 2780 5193 2896 5259; x_wconf 89' lang='lat' dir='ltr'>tibi</span> <span class='ocrx_word' id='word_1_330' title='bbox 2950 5192 3428 5278; x_wconf 90' lang='lat' dir='ltr'>premissorum</span> 
     </span>
     <span class='ocr_line' id='line_1_47' title="bbox 460 5299 3432 5386; baseline -0.001 -18"><span class='ocrx_word' id='word_1_331' title='bbox 460 5303 839 5369; x_wconf 85' lang='lat' dir='ltr'>meritorum</span> <span class='ocrx_word' id='word_1_332' title='bbox 919 5306 1184 5369; x_wconf 89' lang='lat' dir='ltr'>tuorum</span> <span class='ocrx_word' id='word_1_333' title='bbox 1258 5300 1496 5367; x_wconf 86' lang='lat' dir='ltr'>intuitu</span> <span class='ocrx_word' id='word_1_334' title='bbox 1545 5302 1835 5386; x_wconf 90' lang='lat' dir='ltr'>graciam</span> <span class='ocrx_word' id='word_1_335' title='bbox 1906 5300 2117 5367; x_wconf 91' lang='lat' dir='ltr'>facere</span> <span class='ocrx_word' id='word_1_336' title='bbox 2189 5300 2570 5385; x_wconf 88' lang='lat' dir='ltr'>specialem,</span> <span class='ocrx_word' id='word_1_337' title='bbox 2641 5299 2882 5366; x_wconf 88' lang='lat' dir='ltr'>dictam</span> <span class='ocrx_word' id='word_1_338' title='bbox 2953 5299 3265 5365; x_wconf 87' lang='lat' dir='ltr'>vicariam</span> <span class='ocrx_word' id='word_1_339' title='bbox 3337 5300 3432 5366; x_wconf 91' lang='lat' dir='ltr'>sic</span> 
     </span>
    </p>
   </div>
  </div>
 </body>
</html>
