3688 5825
1924 242 1964 301 8

454 451 822 535 generale5‚
873 468 1045 534 quae
1093 454 1413 515 vocantur
1466 451 1570 526 „in
1621 468 1898 534 corpore
1948 450 2106 515 iuris
2154 450 2456 515 clausae“
2513 450 2836 535 speciales
2886 467 3062 527 vem,
3113 467 3285 534 quae
3320 468 3437 535 per

456 556 743 642 Regulas
816 556 1264 623 Cancellariae
1298 554 1725 641 Apostolicae
1787 560 1900 622 aut
1961 556 2021 622 vi
2085 556 2321 642 capitis
2389 556 2527 633 „Ad
2591 556 2952 642 Regimen“
3022 557 3435 623 introductae

454 668 627 730 sunt.
724 663 877 744 Qua
957 664 1134 729 enim
1208 663 1601 729 definitione
1675 682 1991 729 numerus
2063 664 2581 730 reservationum
2655 664 3063 749 generalium
3135 702 3223 709 —
3284 681 3434 729 mea

453 771 725 855 quidem
777 771 1106 837 sententia
1154 808 1240 816 —
1289 771 1490 836 nimis
1539 772 1953 856 restringitur
1999 771 2080 836 ad
2131 790 2336 837 unum
2389 775 2641 837 tantum
2694 789 2943 849 casum,
3002 789 3245 855 nempe
3295 789 3432 856 quo

452 878 850 944 beneficium
914 878 1252 963 quoddam
1303 881 1491 943 vacat
1552 897 1750 945 causa
1814 879 2046 944 mortis
2126 878 2523 956 beneficiati,
2604 878 2718 963 qui
2804 877 3070 963 „apud
3137 876 3430 943 Sedem

450 983 1095 1069 Apostolicam“
1134 985 1311 1050 diem
1346 986 1581 1051 clausit
1614 987 2002 1051 extremum.
2097 983 2179 1050 At
2211 989 2438 1051 contra
2488 1004 2707 1070 neque
2756 986 3176 1062 sententiam,
3227 1002 3430 1069 quam

453 1092 877 1177 Hinschius¹)
928 1093 992 1158 in
1037 1092 1330 1158 medium
1370 1092 1633 1178 profert,
1682 1096 1902 1170 teneo,
1948 1093 2061 1178 qui
2097 1093 2293 1159 etiam
2332 1093 2846 1158 reservationem
2898 1091 3429 1176 singularum

450 1200 849 1284 dignitatum
900 1200 1002 1265 vel
1055 1199 1533 1266 beneficiorum
1571 1200 1635 1265 in
1673 1217 1803 1265 una
1838 1199 2274 1265 determinata
2308 1200 2584 1266 ecclesia
2619 1202 3006 1277 erectorum,
3056 1197 3430 1264 dummodo

449 1306 615 1372 facta
666 1307 751 1372 sit
800 1306 878 1371 in
930 1309 1465 1392 perpetuum,
1513 1306 1892 1391 generalem
1946 1306 2255 1392 appellat.

653 1412 827 1479 Nota
906 1413 1084 1480 enim
1172 1413 1697 1498 „generalitatis“
1750 1452 1838 1459 -
1888 1417 1958 1479 ut
2036 1414 2123 1479 ita
2201 1413 2415 1479 dicam
2471 1452 2558 1460 —
2621 1432 2755 1479 non
2820 1432 2900 1478 ex
2962 1412 3430 1479 reservationis

451 1521 1036 1607 perpetuitate
1086 1520 1227 1598 sed,
1286 1521 1378 1585 uti
1428 1522 1573 1606 ipsa
1621 1539 1753 1586 vox
1806 1521 2214 1606 „generalis“
2271 1521 2399 1587 iam
2436 1521 2597 1587 satis
2632 1521 2946 1597 insinuat,
2997 1519 3427 1585 solummodo

448 1646 528 1693 ex
605 1628 1110 1714 pluralitate
1175 1628 1648 1694 beneficiorum
1728 1628 2112 1694 eiusdem
2189 1628 2537 1714 generis
2600 1628 2665 1693 in
2729 1626 3083 1692 universali
3134 1625 3426 1692 Ecclesia

446 1736 551 1801 vel
647 1735 989 1821 provincia
1082 1737 1201 1801 etc.
1296 1735 1721 1801 existentium
1818 1736 1982 1801 mihi
2077 1735 2404 1802 sumenda
2497 1752 2647 1802 esse
2738 1734 3014 1799 videtur.
3136 1732 3428 1799 Nomine

454 1843 1134 1918 „reservationis
1208 1843 1701 1927 generalis“
1788 1843 1853 1908 in
1919 1843 2101 1909 hisce
2165 1843 2448 1928 pagellis
2511 1842 2874 1927 amplector
2960 1841 3104 1906 illas
3166 1857 3425 1916 omnes,

448 1968 621 2034 quae
698 1950 1025 2016 habentur
1104 1950 1168 2014 in
1248 1968 1427 2027 casu,
1508 1968 1645 2035 quo
1725 1950 2007 2016 omnia
2090 1950 2525 2015 beneficia
2616 1948 2999 2014 eiusdem
3077 1946 3425 2032 generis

446 2057 841 2122 vacantia
890 2057 1020 2122 vel
1069 2059 1471 2123 vacatura
1518 2058 2086 2123 communiter
2146 2058 2327 2123 sive
2386 2057 2466 2122 in
2517 2058 3021 2142 perpetuum
3085 2054 3267 2120 sive
3327 2053 3424 2119 ad

446 2166 778 2249 tempus
882 2165 961 2228 in
1057 2164 1533 2230 universali
1630 2164 2018 2230 Ecclesia
2127 2164 2307 2230 sive
2419 2165 2498 2229 in
2607 2166 2832 2229 certa
2944 2160 3424 2247 provincia,

446 2270 830 2337 dioecesi
977 2272 1107 2336 vel
1245 2271 1819 2337 determinato
1945 2288 2207 2356 regno
2331 2290 2367 2336 a
2491 2270 2862 2344 Romano
2996 2267 3426 2334 Pontifice

446 2381 992 2444 reservantur
1069 2378 1149 2443 in
1228 2378 1599 2444 favorem
1691 2377 1942 2444 Sedis
2028 2376 2609 2464 Apostolicae.
2720 2376 2913 2457 Quae
2983 2374 3285 2441 definitio
3359 2374 3423 2439 in

446 2485 650 2550 totius
708 2485 907 2550 huius
954 2486 1264 2551 tractatus
1326 2504 1519 2551 cursu
1571 2486 1904 2562 retinetur,
1968 2485 2075 2563 ita,
2140 2489 2209 2550 ut
2257 2504 2392 2551 non
2443 2488 2696 2551 tantum
2751 2484 2895 2549 illas
2944 2482 3429 2548 reservationes

443 2592 791 2676 generales
839 2595 1258 2658 enumeratas
1308 2592 1631 2670 invenias,
1682 2610 1856 2677 quae
1904 2611 1940 2657 a
1989 2591 2337 2658 Clemente
2371 2590 2471 2656 IV.
2508 2609 2722 2675 usque
2770 2590 2853 2656 ad
2890 2588 3289 2674 Gregorium
3323 2587 3426 2653 XI.

447 2717 565 2784 pro
644 2701 780 2764 tota
858 2698 1051 2764 datae
1102 2702 1257 2764 sunt
1318 2698 1641 2777 Ecclesia,
1722 2699 1839 2765 sed
1920 2699 2115 2764 etiam
2200 2699 2370 2777 illae,
2452 2716 2625 2783 quae
2702 2697 3136 2763 determinata
3199 2714 3424 2780 regna,

446 2805 823 2890 provincias
872 2809 989 2871 etc.
1041 2806 1395 2890 attingunt.
1494 2805 1926 2892 Specialis
1975 2824 2132 2871 vero
2183 2807 2540 2872 reservatio
2600 2805 2709 2870 illa
2758 2805 3054 2882 habetur,
3119 2821 3291 2888 quae
3341 2803 3425 2868 de

444 2918 674 2979 certo
725 2914 1160 2980 beneficio
1211 2914 1351 2981 sive
1401 2915 1654 2981 ratione
1705 2914 1899 2993 loci,
1960 2915 2386 3000 qualitatis
2434 2914 2555 2980 vel
2615 2931 3004 2999 personae
3057 2911 3224 2978 sive
3283 2929 3424 2996 pro

444 3024 801 3107 tempore
851 3021 1018 3087 sive
1068 3022 1141 3087 in
1188 3025 1649 3107 perpetuum
1687 3022 1945 3088 decreta
1982 3025 2100 3088 est.
2180 3022 2384 3087 Porro
2420 3021 2902 3087 reservationes
2942 3020 3023 3085 in
3065 3037 3425 3104 corpore

446 3130 661 3195 iuris
753 3129 1173 3214 clausae2)
1262 3128 1570 3194 dicuntur
1658 3129 1829 3207 illae,
1924 3148 2096 3213 quae
2188 3129 2612 3195 continentur
2704 3128 2769 3193 in
2864 3127 3425 3193 Decretalibus

448 3234 821 3321 Gregorii
873 3235 983 3301 IX.
1037 3236 1111 3300 in
1164 3236 1395 3302 Libro
1446 3235 1716 3314 Sexto,
1768 3237 1841 3302 in
1894 3236 2437 3303 Clementinis.

651 3343 965 3428 Denique
991 3344 1554 3409 reservationibus
1589 3346 1801 3409 extra
1835 3362 2122 3429 corpus
2160 3344 2353 3408 iuris
2388 3343 2867 3428 vagantibus
2906 3342 3428 3408 adnumerantur

443 3470 704 3529 omnes,
768 3469 941 3536 quae
1006 3450 1433 3516 inveniuntur
1481 3451 1546 3516 in
1608 3451 2335 3536 Extravagantibus
2385 3451 2553 3517 sive
2612 3449 3189 3516 Communibus
3253 3448 3423 3514 sive

440 3558 835 3624 Johannis
912 3556 1156 3636 XXII.‚
1238 3558 1312 3622 in
1404 3557 1735 3642 Regulis
1824 3557 2373 3625 Cancellariae
2459 3556 2978 3643 Apostolicae
3066 3556 3422 3641 praecipue

443 3685 480 3732 a
540 3665 849 3731 Johanne
896 3664 1081 3730 XXII.
1134 3683 1349 3749 usque
1412 3665 1494 3730 ad
1561 3663 1963 3749 Gregorium
2023 3665 2125 3731 XI.
2176 3665 2454 3751 editis,³)
2519 3681 2829 3750 quaeque
2887 3701 2976 3710 —
3037 3662 3421 3748 praesertim

445 3772 626 3857 quod
722 3772 801 3838 ad
884 3771 1220 3837 saeculum
1300 3771 1452 3837 XIII.
1533 3775 1596 3837 et
1671 3769 1814 3836 XIV
1862 3772 2094 3838 attinet
2166 3811 2244 3817 ——-
2320 3772 2385 3837 in
2459 3771 2854 3856 Registris
2933 3769 3422 3835 authenticis

444 3879 968 3952 Romanorum
1019 3878 1497 3944 Pontificum
1549 3881 1705 3943 tum
1754 3876 2165 3945 Vaticanis
2214 3882 2370 3944 tum
2413 3876 3122 3944 Avenionensibus
3170 3877 3293 3942 vel
3344 3876 3419 3941 in

444 3988 621 4073 ipso
673 3986 904 4053 Libro
954 3984 1501 4051 Cancellariae
1549 3984 2073 4071 Apostolicae
2124 3985 2322 4070 (Cod.
2376 3986 2455 4066 B)
2504 3985 2945 4051 continentur.

648 4092 853 4159 Porro
903 4093 1030 4158 hoc
1087 4092 1235 4158 loco
1294 4091 1776 4177 praetereundo
1827 4093 2020 4177 quasi
2074 4094 2566 4160 celeberrImam
2619 4091 3083 4177 quaestionem
3143 4091 3424 4156 breviter

441 4202 763 4285 attingere
834 4200 1044 4278 liceat,
1115 4217 1228 4265 cur
1276 4198 1556 4272 Romani
1605 4199 1966 4266 Pontifices
2037 4200 2118 4265 ad
2192 4200 2665 4267 beneficiorum
2738 4198 3218 4264 reservationes
3280 4198 3422 4263 sive

441 4308 787 4394 generales
836 4307 976 4373 sive
1024 4307 1351 4392 speciales
1400 4308 1861 4391 processerint.
1956 4307 2124 4373 Nam
2178 4307 2503 4392 imprimis
2560 4323 2677 4390 per
2736 4306 2906 4371 hanc
2967 4303 3419 4370 immediatam

570 4559 587 4596 ¹
677 4601 686 4610 .
760 4599 770 4610 .
875 4599 885 4609 .
964 4559 1039 4611 .l
1125 4599 1136 4610 .

567 4558 613 4713 ’ζ
650 4557 755 4700 ¹Cic
791 4556 1017 4712 ἑξιςῐεὲη,
1051 4557 1229 4700 4{lber
1284 4645 1371 4699 die
1431 4645 1773 4716 Entstehung
1829 4647 1940 4700 und
1998 4647 2103 4700 den
2162 4646 2420 4715 heutigen
2479 4644 2765 4698 Gebrauch
2826 4645 2921 4698 der
2973 4643 3172 4697 beiden
3236 4642 3419 4698 Extra·

441 4736 1093 4807 vagantensammlungen
1132 4736 1231 4788 etc.
1270 4750 1323 4804 p.
1362 4735 1447 4789 47.

654 4824 881 4895 Phillips
920 4825 951 4879 l.
992 4841 1036 4878 c.
1076 4839 1128 4894 p.
1167 4823 1288 4878 485.

566 4914 609 4983 ³)
650 4913 731 4969 Cf.
795 4914 1021 4985 Riganti,
1084 4911 1480 4967 Commentaria
1538 4916 1590 4967 in
1643 4913 1791 4984 Reg„
1855 4912 2042 4969 Const.
2119 4915 2172 4968 et
2232 4913 2474 4968 Ordinat.
2540 4912 2774 4967 Cancell.
2837 4912 3085 4981 Apostol.
3151 4942 3215 4951 -
3277 4928 3419 4983 opus

441 5005 844 5059 celeberrimum
884 5006 1011 5072 quin
1050 5004 1210 5056 etiam
1255 5005 1519 5070 optimum
1565 5005 1608 5056 si
1637 5006 1765 5057 iuris
1802 5005 2198 5071 expositionem
2236 5005 2718 5070 tantumaerespiciS,
2757 5005 2801 5056 si
2841 5017 2971 5056 vero
3009 5001 3416 5073 chronologiam

443 5095 617 5164 magis
655 5093 887 5147 attendis
925 5092 1050 5146 vide
1090 5091 1370 5147 Ottenthal
1409 5093 1441 5145 l.
1482 5108 1526 5146 c.
1602 5092 1723 5146 Hoc
1762 5094 1883 5146 loco
1921 5107 2029 5146 non
2068 5094 2258 5146 omitto
2296 5091 2490 5156 dicere,
2530 5107 2616 5145 me
2656 5092 2816 5145 verba
2856 5090 3159 5161 praedictae
3199 5091 3417 5146 ultimae

442 5182 694 5237 editionis
732 5181 1053 5252 Regularum
1110 5180 1471 5235 Cancellariae
1525 5181 1875 5249 Apostolicae
1931 5195 2052 5235 cum
2110 5182 2256 5234 textu
2313 5179 2533 5235 Codicis
2592 5180 2709 5236 Vat.
2766 5181 2905 5235 3984
2964 5183 3015 5232 in
3083 5178 3416 5235 Bibliotheca

444 5272 702 5326 Vaticana
741 5272 1035 5325 contulisse
1074 5273 1126 5324 et
1164 5270 1451 5323 nonnullas
1490 5272 1812 5324 variationes
1852 5273 1904 5323 in
1945 5272 2126 5340 quinta
2167 5273 2314 5338 parte
2355 5271 2514 5324 huius
2553 5270 2719 5324 libelli
2758 5270 3063 5323 adnotasse.
