3688 5825
1660 294 1736 352 13

195 500 564 569 excludens
612 501 985 579 declaravit,
1036 501 1360 568 beneficia
1411 505 1475 567 et
1522 501 1884 587 dignitates
1926 500 2292 567 antedictas
2337 504 2492 586 post
2536 518 2838 566 mensem
2874 500 3178 586 elapsum

195 612 458 676 tantum
522 612 606 677 ab
677 609 1145 695 Episcopis
1207 609 1333 687 vel,
1398 609 1563 694 ipsis
1636 610 1700 674 in
1767 609 2038 675 remotis
2087 608 2465 694 agentibus,
2529 627 2645 694 per
2694 627 2857 674 suos
2905 608 3187 674 vicarios

194 717 549 801 generales
611 717 691 782 in
756 734 1039 783 eorum
1113 716 1675 783 dioecesibus
1747 716 2282 782 exsistentes
2345 733 2493 781 cum
2545 714 2862 782 mandato
2914 715 3187 800 speciali

195 823 559 890 instructos
630 824 907 891 conferri
982 842 1206 909 posse.
1300 822 1685 889 Notandum
1740 826 1960 889 tamen
2034 825 2350 901 remanet,
2422 822 2951 889 moderationem
3024 822 3184 888 iuris

194 949 232 995 a
303 929 656 997 Clemente
736 931 835 997 IV.
896 931 1165 997 stabiliti
1230 931 1296 997 in
1377 931 1504 996 hoc
1564 931 1779 1015 capite
1843 948 2225 1016 expressam
2290 932 2629 1015 spectasse
2705 929 2790 996 ad
2862 929 3186 996 beneficia

193 1040 258 1103 et
331 1036 699 1123 dignitates
792 1039 937 1104 sine
1021 1038 1422 1117 discrimine,
1505 1055 1665 1122 ergo
1736 1038 1934 1104 etiam
2026 1037 2108 1104 ad
2189 1038 2498 1104 electivas
2580 1038 2892 1103 vacantes
2984 1055 3184 1103 causa

195 1145 431 1210 mortis
484 1146 563 1212 in
613 1144 897 1224 Curia,
946 1164 1085 1211 non
1133 1163 1289 1212 vero
1338 1144 1422 1212 ad
1473 1148 1836 1211 reservatas
1884 1144 2049 1211 forte
2097 1163 2176 1211 ex
2225 1144 2351 1210 alia
2399 1145 2682 1230 causa.¹)

404 1296 670 1363 Deinde
733 1297 1184 1363 Bonifatius
1245 1296 1382 1362 ΡΡ.
1453 1296 1633 1362 VIII.
1697 1297 1806 1363 die
1854 1296 1916 1362 5.
1965 1296 2126 1363 Maii
2183 1296 2350 1362 1295
2423 1315 2540 1382 per
2608 1297 3181 1376 constitutionem,

194 1422 369 1489 quae
422 1404 653 1489 incipit
730 1403 978 1481 „Piae
1051 1403 1825 1489 sollicitudinis“2)
1900 1403 2285 1470 renovando
2335 1421 2387 1469 c.
2445 1404 2662 1481 „Licet
2710 1404 3178 1470 ecclesiarum“

194 1529 229 1577 a
317 1509 672 1577 Clemente
746 1510 848 1576 IV.
928 1511 1180 1577 editum
1276 1512 1644 1598 provisioni
1726 1511 1923 1578 Sedis
2001 1510 2428 1597 Apostolicae
2507 1512 2863 1577 reservavit
2940 1529 3180 1578 omnes

192 1617 583 1703 dignitates,
643 1623 1059 1704 personatuS,
1133 1619 1569 1705 praebendaS,
1619 1619 1934 1685 ecclesias
1983 1619 2246 1704 aliaque
2317 1619 2760 1685 ecclesiastica
2834 1618 3179 1697 beneficia,

192 1725 379 1809 apud
405 1724 650 1791 Sedem
679 1724 1138 1811 Apostolicam
1178 1727 1399 1792 intra
1435 1745 1474 1792 u
1494 1746 1535 1791 n
1558 1745 1598 1791 u
1617 1745 1679 1791 m
1742 1745 1807 1791 m
1826 1745 1862 1792 e
1881 1745 1922 1791 n
1943 1744 2028 1792 se
2047 1746 2110 1791 m
2140 1744 2175 1792 a
2203 1725 2354 1791 data
2382 1725 2769 1792 Litterarum
2798 1726 3180 1811 hactenus-⁹³)

195 1834 258 1898 in
311 1831 515 1900 Curia
566 1834 865 1900 vacantia
916 1837 980 1899 et
1029 1834 1094 1899 in
1146 1837 1484 1920 posterum
1536 1835 1863 1900 vacatura.

404 1984 748 2051 Praeterea
782 1984 1155 2052 Bonifatius
1190 1985 1339 2052 VIII.
1393 1986 1757 2071 praefatum
1806 2004 1859 2052 c.
1919 1986 2133 2063 „Licet
2181 1986 2648 2052 ecclesiarum“
2702 1986 2786 2051 de
2839 1983 3180 2053 beneficiis

192 2093 589 2159 vacantibus
658 2091 926 2178 „apud
998 2092 1294 2159 Sedem
1344 2091 1989 2177 Apostolicam“
2060 2111 2202 2178 per
2248 2111 2300 2158 c,
2374 2091 3009 2177 „Praesenti“4)
3088 2094 3175 2160 ita

193 2199 512 2277 extendit,
586 2203 655 2284 ut
725 2199 1069 2277 beneficia,
1143 2218 1315 2285 quae
1388 2199 1681 2285 Legati
1762 2203 1876 2266 aut
1935 2199 2233 2266 Nuntii
2307 2199 2502 2266 Sedis
2572 2198 3002 2285 Apostolicae
3073 2201 3176 2266 vel

194 2307 419 2391 quivis
490 2307 601 2372 alii
673 2306 755 2372 ad
814 2306 1181 2380 Romanam
1234 2305 1502 2372 Curiam
1573 2308 1921 2373 venientes
1991 2307 2094 2373 vel
2167 2307 2366 2373 etiam
2438 2308 2523 2373 ab
2596 2307 2742 2392 ipsa
2791 2307 3177 2374 recedentes

192 2413 613 2491 obtinebant,
685 2414 741 2478 si
789 2413 1003 2480 dictae
1053 2432 1378 2499 personae
1428 2432 1563 2480 non
1626 2418 1883 2480 tantum
1934 2415 1999 2480 in
2051 2413 2250 2480 Curia
2312 2413 2431 2480 sed
2494 2413 2692 2479 etiam
2763 2414 2893 2491 „in
2957 2414 3176 2481 locis

194 2520 517 2586 vicinis
588 2521 755 2605 ipsi
829 2519 1187 2587 Curiae“
1267 2525 1676 2587 morerentur
1744 2521 2050 2595 Romano
2117 2520 2424 2588 Pontifici
2495 2523 2775 2589 omnino
2848 2526 3176 2588 reservata

192 2645 343 2693 esse
432 2627 809 2694 declararet.
904 2628 1108 2694 Porro
1195 2630 1250 2695 si
1352 2629 1504 2714 quis
1595 2629 1859 2695 curialis
1931 2629 2127 2694 etiam
2207 2628 2379 2695 Sede
2449 2628 2836 2715 Apostolica
2900 2632 3174 2695 vacante

193 2735 775 2819 peregrinationis,
839 2735 1237 2802 infirmitatis
1287 2741 1398 2802 aut
1446 2736 1871 2802 recreationis
1920 2754 2035 2801 seu
2087 2736 2215 2802 alia
2278 2738 2515 2822 quavis
2563 2754 2763 2802 causa
2819 2735 2902 2801 ad
2953 2736 3171 2801 locum

193 2840 437 2907 Curiae
492 2842 780 2908 vicinum
837 2843 900 2928 [i.
956 2862 1010 2909 e.
1090 2843 1253 2909 ultra
1314 2843 1482 2909 duas
1554 2843 1838 2929 dietas⁵)
1890 2843 2141 2930 legales
2211 2862 2247 2909 a
2304 2842 2503 2909 Curia
2586 2862 2721 2909 non
2791 2834 3204 2927 distantem]⁸

192 2968 264 3016 se
313 2949 642 3016 conferret
690 2951 919 3036 ibique
968 2955 1348 3028 moreretur,
1413 2951 1734 3017 beneficia
1796 2951 2024 3016 omnia
2075 2951 2202 3035 ipsi
2253 2951 2489 3017 collata
2540 2955 2767 3018 essent
2824 2955 3171 3029 reservata,

192 3056 571 3122 dummodo
620 3075 703 3123 ne
754 3058 818 3122 in
869 3058 1017 3123 Ioco
1069 3056 1447 3142 supradicto
1496 3057 1909 3123 domicilium
1959 3058 2250 3124 nutriret.

405 3207 474 3274 Si
512 3208 664 3292 quis
697 3227 875 3286 vero,
926 3208 1164 3276 Curiae
1200 3209 1570 3274 membrum
1606 3227 1742 3274 non
1778 3210 2093 3287 existenS‚
2144 3210 2209 3275 in
2245 3210 2415 3288 loco,
2466 3229 2602 3296 quo
2639 3210 2837 3277 Curia
2871 3214 3169 3297 tempore

193 3335 357 3382 suae
407 3316 639 3381 mortis
686 3320 1053 3382 versaretur
1097 3316 1368 3382 haberet
1413 3316 1690 3382 domum
1744 3317 2084 3402 originisss)
2132 3318 2234 3383 vel
2291 3318 2683 3383 continuum
2732 3318 3168 3397 domicilium,

193 3423 340 3488 eius
418 3422 743 3489 beneficia
822 3423 1005 3488 nullo
1086 3423 1289 3488 modo
1369 3427 1596 3489 essent
1672 3427 2022 3502 reservata,
2102 3425 2258 3509 quia
2337 3425 2500 3490 alias
2565 3426 2734 3503 lom,
2814 3426 2925 3492 ubi
2991 3425 3172 3511 Papa

195 3533 579 3607 moraretur,
628 3549 829 3614 grave
866 3530 1115 3595 illatum
1166 3530 1401 3596 fuisset
1450 3531 1952 3616 praeiudicium.
2047 3530 2115 3596 In
2150 3531 2327 3596 dicto
2362 3533 2578 3617 capite
2614 3531 2986 3598 Bonifatius
3018 3532 3172 3598 VIII.
3229 3577 3232 3580 -

194 3637 393 3702 etiam
482 3637 1029 3702 commemoravit
1116 3655 1367 3714 casum,
1463 3655 1599 3722 quo
1672 3636 1938 3703 Curiam
2012 3638 2096 3704 de
2168 3638 2316 3704 Ioco
2392 3639 2474 3705 ad
2550 3640 2769 3705 locum
2840 3639 3173 3705 transferri

194 3744 629 3828 contingeret.
748 3742 818 3809 Si
890 3743 1065 3809 enim
1142 3744 1421 3809 curiales
1495 3742 1764 3810 Curiam
1846 3749 2205 3829 sequentes
2283 3746 2386 3811 vel
2466 3746 2530 3811 in
2611 3746 2759 3812 loco
2824 3746 3000 3811 unde
3065 3747 3172 3813 illa

196 3851 468 3916 recessit
538 3849 810 3916 forsitan
906 3854 1325 3916 remanentes
1421 3851 1660 3917 infirmi
1745 3855 2175 3930 morerentur,
2239 3870 2466 3917 eorum
2554 3852 2878 3919 beneficia
2949 3855 3175 3919 essent

199 3959 528 4022 reservata
601 3960 1209 4043 „quantuncunque
1260 3958 1467 4036 locus,
1519 3958 1631 4024 ubi
1692 3957 2042 4038 decedunt,
2102 3958 2185 4023 ab
2237 3959 2381 4044 ipsa
2431 3958 2630 4025 Curia
2679 3958 2763 4025 sit
2811 3961 3172 4026 remotus“.

200 4155 621 4162 ——.-

324 4315 365 4381 ¹)
407 4313 490 4369 Cf.
532 4313 755 4385 Pithing
791 4314 823 4367 l.
866 4329 908 4367 c.
949 4311 1019 4366 11⁰
1054 4314 1160 4369 330
1196 4330 1316 4384 sqq.

318 4429 361 4499 2)
401 4447 445 4486 c.
492 4431 537 4485 1.
578 4433 629 4485 in
670 4430 881 4484 Extrav.
922 4430 1134 4486 Comm.
1175 4431 1250 4486 111.
1291 4432 1340 4486 2.

409 4520 616 4592 Digard
655 4521 687 4574 1.
728 4537 773 4575 c.
813 4519 883 4575 n⁰
919 4521 1016 4575 881
1062 4523 1200 4588 (sine
1238 4522 1424 4590 textu).

320 4636 365 4704 ³)
403 4637 532 4691 Inde
587 4639 732 4706 patet
770 4652 814 4691 c.
880 4638 1057 4700 „Licet
1094 4640 1468 4693 ecclesiarum·
1531 4641 1774 4707 tempore
1811 4640 2092 4693 electionis
2132 4639 2380 4695 Bonifatii
2420 4640 2544 4694 V111.
2586 4641 2749 4706 (1294
2776 4640 2906 4696 Dec.
2935 4642 3023 4708 24)
3063 4656 3171 4695 non

201 4726 265 4778 ab
292 4727 544 4781 omnibus
571 4729 622 4780 in
663 4741 1008 4797 quocumque
1047 4742 1172 4781 casu
1213 4727 1379 4782 fuisse
1416 4727 1777 4781 observatum.
1853 4727 2106 4782 Attamen
2148 4729 2324 4784 dictus
2351 4729 2594 4783 Pontifex
2622 4731 2802 4783 omnia
2830 4729 2965 4784 facta
2991 4732 3170 4783 contra

202 4815 281 4868 ius
329 4816 616 4885 prudenter
666 4831 776 4870 non
832 4817 1003 4871 voluit
1061 4819 1275 4882 irritare,
1323 4816 1421 4871 sed
1460 4817 1546 4870 illa
1585 4818 1807 4881 tantum,
1858 4832 1996 4885 quae
2055 4818 2183 4872 inde
2222 4819 2287 4872 ab
2328 4821 2548 4873 ineunte
2596 4832 2782 4872 mense
2821 4818 2990 4887 Aprili
3036 4818 3173 4873 1295

202 4905 500 4959 acciderunt
539 4906 592 4958 et
630 4908 683 4959 in
722 4906 996 4974 posterum
1037 4904 1171 4961 forte
1209 4907 1525 4960 acciderent.

319 5019 365 5088 ⁴)
404 5037 448 5076 c.
487 5021 572 5076 34.
613 5021 683 5075 de
720 5022 902 5091 praeb.
942 5022 1016 5076 111.
1057 5023 1090 5076 4
1130 5025 1181 5076 in
1220 5020 1337 5076 V10.

321 5135 365 5203 ⁸)
406 5160 467 5182 =
509 5136 597 5192 XL
638 5137 877 5190 milliaria
916 5138 1088 5192 Italica
1134 5162 1193 5182 =
1236 5139 1334 5192 iter
1371 5137 1644 5192 duorum
1686 5138 1939 5194 dierum
1979 5138 2043 5192 cf.
2085 5139 2341 5194 Glossam
2379 5139 2447 5193 ad
2489 5140 2552 5194 V.
2598 5139 2885 5211 „legales⁸.

408 5225 756 5285 Reiffenstuel
796 5227 829 5280 1.
869 5243 913 5280 c.
953 5226 1021 5280 n⁰
1056 5227 1177 5281 453.

320 5341 361 5407 8)
400 5341 478 5397 cf.
520 5343 773 5396 Glossam
813 5343 879 5396 ad
922 5343 967 5396 V
1010 5346 1312 5414 „origini8.·
