3688 5825
1644 302 1729 361 45

191 503 441 578 Romae
490 507 893 585 versabatur,
943 525 1319 574 reservasse
1369 526 1610 575 omnes
1657 508 2039 595 dignitateS,
2089 515 2508 596 personatus
2559 512 2779 580 officia
2826 516 3175 600 ceteraque

192 613 517 679 beneficia
587 613 1034 681 ecclesiastica
1105 614 1468 682 saecularia
1537 619 1602 682 et
1672 617 2000 702 regularia
2046 636 2100 684 c.
2149 636 2302 685 cura
2350 619 2455 685 vel
2503 638 2556 686 s.
2606 638 2756 687 cura
2828 624 3027 688 tunc
3093 622 3173 687 in

190 720 540 804 praefata
602 720 810 788 Urbe
870 721 1605 808 quomodocunque
1660 725 1965 790 vacantia
2023 726 2086 791 et
2144 725 2211 790 in
2269 729 2463 791 antea
2510 729 2836 793 vacatura.
2930 727 3175 795 Postea

189 844 347 892 vero
428 845 520 893 sc.
588 826 695 894 29.
750 827 909 894 Julii
966 828 1197 910 13701)
1277 829 1456 897 Urbe
1537 830 1667 897 iam
1747 831 1969 898 relicta
2051 850 2176 898 suo
2257 833 2322 898 in
2403 833 2859 918 spiritualibus
2932 835 3174 902 vicario

188 931 445 1006 Rornae
494 935 863 1001 constituto
911 935 1184 1001 liberam
1244 934 1471 1003 denuo
1521 937 1823 1023 permisit
1857 937 2287 1005 collationem
2321 939 2801 1007 beneficiorum
2834 943 3170 1010 titulorum

186 1038 649 1107 Cardinalium
699 1040 767 1108 S.
803 1041 875 1115 R.
913 1041 986 1108 Ε.
1023 1044 1087 1108 et
1134 1043 1632 1128 capellanorum
1682 1045 2048 1130 papalium,
2098 1046 2373 1132 reliquis
2420 1065 2580 1114 vero
2615 1050 3174 1117 reservationibus

186 1148 247 1214 in
298 1166 430 1214 suo
478 1148 704 1216 valore
753 1150 1272 1216 remanentibus.

397 1272 854 1359 Gregorius
888 1273 1096 1360 Papa
1120 1274 1283 1361 ΧΗ)
1311 1275 1441 1341 iarn
1476 1274 1586 1342 die
1619 1276 1680 1341 3.
1712 1276 1861 1343 Jan.
1901 1277 2129 1363 13713)
2165 1278 2204 1343 i.
2241 1296 2296 1344 e.
2333 1281 2484 1346 ante
2519 1298 2682 1347 suae
2714 1282 3171 1349 coronationis

182 1380 520 1447 solemnia
569 1400 883 1467 magnam
934 1383 1187 1467 partem
1222 1381 1623 1468 Regularum
1660 1382 2111 1451 Cancellariae
2145 1404 2419 1452 suorum
2457 1388 3045 1472 praedecessorum
3080 1407 3168 1456 se.

178 1487 514 1555 Johannis
584 1488 793 1567 XXII.,
865 1488 1206 1556 Benedicti
1277 1489 1428 1569 ΧΙΙ.,
1518 1489 1887 1558 Clementis
1956 1491 2081 1572 Vl.,
2154 1493 2695 1574 InnocentiifVI„
2769 1495 3019 1563 Urbani
3092 1495 3167 1562 V.

182 1612 398 1679 usque
483 1595 567 1661 ad
646 1594 1183 1681 praedecessoris
1262 1597 1364 1662 sui
1427 1596 1749 1683 Regulam
1829 1601 2055 1666 contra
2137 1619 2316 1682 „non
2375 1603 2683 1687 parentes
2741 1603 3170 1687 processibus

181 1701 708 1789 Apostolicis“4)
820 1720 971 1770 cum
1082 1704 1276 1770 certis
1387 1704 2070 1794 modificationibus⁵)
2183 1709 2599 1794 approbavit.
2724 1707 2896 1775 Cum
2990 1710 3167 1776 enim

180 1810 629 1876 antecessoris
708 1810 811 1876 sui
902 1811 1187 1897 vestigia
1266 1812 1693 1897 subsequens
1771 1814 2097 1881 beneficia
2175 1815 2694 1883 collectorum
2789 1820 3167 1897 reservaret,

179 1917 281 1983 31.
332 1916 501 1984 Dec.
561 1917 793 2004 13706)
842 1918 1171 1985 beneficia
1220 1918 1885 1987 succollectorum
1936 1923 2020 1988 ab
2069 1921 2305 1989 eadem
2358 1924 2807 1990 reservatione
2854 1942 3168 2009 expresse

179 2023 620 2091 deliberando
712 2024 1033 2091 liberavit.
1158 2025 1433 2111 Insuper
1537 2028 2053 2094 reservationem
2145 2031 2635 2116 generalem
2743 2031 3165 2098 ecclesiarum

178 2131 740 2216 patriarchalium,
813 2132 1481 2218 archiepiscopalium
1534 2152 1797 2201 necnon
1848 2136 2334 2222 episcopalium
2383 2138 2679 2205 valorem
2728 2137 3164 2205 ducentorum

175 2239 589 2305 florenorum
626 2238 1089 2305 excedentium
1123 2242 1188 2305 et
1218 2241 1773 2307 monasteriorum
1809 2242 2100 2309 virorum
2130 2244 2424 2310 valorem
2458 2247 2723 2311 centurn
2758 2245 3164 2312 florenorum

173 2346 641 2412 excedentium
692 2364 729 2411 a
786 2344 1300 2431 praedecessore
1380 2348 1869 2433 promulgatam
1950 2367 2087 2415 non
2167 2350 2456 2435 amplius
2535 2351 2966 2434 renovavit7),
3046 2352 3163 2418 sed

172 2452 419 2519 eodem
471 2452 581 2518 die
628 2470 716 2519 sc.
766 2453 827 2518 3.
875 2453 1022 2520 Jan.
1073 2472 1130 2519 e.
1181 2472 1238 2519 a.
1288 2453 1498 2521 dictas
1549 2455 1864 2522 ecclesias
1913 2459 1977 2522 et
2025 2458 2428 2524 monasteria
2477 2459 2648 2524 sine
2696 2458 3165 2526 discrimine

174 2559 442 2645 quoad
535 2559 878 2626 valorem
975 2578 1455 2646 quocunque
1549 2561 1781 2628 modo
1875 2566 1950 2629 et
2042 2563 2492 2649 ubicunque
2586 2567 2948 2633 vacantia
3041 2567 3162 2633 vel

170 2669 552 2733 vacatura
621 2667 776 2733 sibi
848 2666 938 2732 ad
1010 2668 1219 2734 vitae
1268 2668 1442 2735 dies
1492 2670 1959 2749 reservavit,
2023 2671 2463 2749 monasteriiS,
2515 2672 2916 2757 prioratibus
2965 2676 3164 2758 atque

171 2774 658 2859 praeposituris
708 2775 1058 2841 mulierum
1108 2778 1365 2841 tantum
1416 2777 1793 2863 exceptis.8)

389 2898 667 2985 Insuper
757 2900 1090 2968 revocavit
1179 2899 1354 2967 idem
1452 2900 1822 2988 Gregorius
1893 2902 1995 2969 XI.
2091 2922 2329 2971 omnes
2422 2905 2954 2990 exspectationes
3047 2894 3165 2990 per

172 3006 762 3092 praedecessorem
858 3026 1054 3074 suum
1148 3025 1527 3089 concessas,
1624 3009 1689 3075 in
1786 3010 2035 3094 quibus
2129 3011 2233 3077 ius
2327 3012 2393 3077 in
2486 3030 2554 3078 re
2646 3012 2948 3079 nondum
3028 3016 3163 3079 erat

174 3114 648 3201 quaesitum.9)

389 3237 597 3304 Porro
669 3239 1010 3305 renovavit
1081 3239 1279 3304 etiam
1352 3241 1805 3325 generalem
1880 3243 2396 3310 reservationem
2470 3246 2553 3311 ab
2603 3243 2877 3311 Urbano
2925 3243 3002 3310 V.
3052 3244 3160 3310 die

178 3346 231 3412 1.
282 3345 468 3432 Sept.
527 3343 788 3432 136310)
837 3345 1240 3431 publicatam
1293 3364 1381 3413 sc.
1433 3348 1659 3432 quoad
1708 3349 2037 3416 beneficia
2085 3350 2525 3417 curialium.

299 3562 344 3628 ι)
385 3560 609 3615 Ibidem.

388 3649 509 3703 Hoc
547 3650 668 3703 Ioco
706 3650 759 3702 in
799 3651 1112 3704 memoriam
1151 3665 1406 3705 revocare
1446 3650 1605 3707 liceat
1642 3651 1780 3707 facta
1818 3656 2130 3723 sequentia:

393 3738 528 3793 1367
564 3737 763 3808 Aprilis
799 3738 871 3793 30
908 3769 978 3777 -—
1015 3738 1267 3794 Urbanus
1305 3740 1370 3796 V.
1410 3743 1509 3796 iter
1545 3740 1846 3800 Romanum
1886 3743 2018 3798 iniit.

443 3851 464 3873 ε
569 3827 824 3883 Octobris
865 3828 947 3883 16.
985 3859 1058 3867 -
1093 3828 1317 3889 Romam
1356 3831 1523 3885 venit.

393 3917 529 3972 1370
565 3917 713 3986 Sept.
752 3917 836 3972 24.
876 3948 946 3956 -
983 3918 1129 3973 Urbe
1166 3920 1359 3974 iterum
1396 3920 1575 3974 relicta
1612 3920 1954 3975 Avenionem
1991 3922 2254 3990 pervenit,
2294 3921 2385 3976 ubi
2426 3921 2514 3976 die
2555 3922 2635 3978 19.
2665 3921 2795 3976 Dec.
2834 3937 2881 3977 e.
2921 3937 2968 3976 a.
3011 3923 3155 3977 diem

178 4008 370 4062 clausit
408 4008 723 4061 extremum.

297 4095 345 4165 ἵ)
384 4095 602 4150 Electus
637 4094 923 4150 Avenione
962 4097 1051 4151 die
1088 4096 1175 4152 30.
1215 4097 1346 4152 Dec.
1390 4097 1527 4154 1370
1564 4128 1635 4137 —
1671 4100 1960 4155 coronatus
2000 4100 2087 4155 die
2124 4098 2175 4155 5.
2213 4100 2329 4155 Jan.
2374 4100 2526 4155 1371.

297 4184 346 4254 ³)
385 4183 469 4240 Cf.
509 4184 790 4240 Ottenthal
829 4185 861 4239 l.
902 4202 945 4240 c.
985 4202 1037 4256 p.
1078 4186 1146 4242 29
1184 4186 1256 4240 n⁰
1292 4186 1377 4241 32.

295 4274 342 4343 ⁴)
382 4274 589 4330 Ibidem
628 4290 681 4345 p.
720 4274 788 4329 22
826 4275 899 4329 n⁰
935 4275 1021 4330 36.

298 4363 344 4432 ⁵)
383 4364 590 4419 Ibidem
627 4379 681 4433 p.
720 4364 933 4420 26—29
969 4364 1042 4418 n⁰
1083 4365 1271 4420 1—32.

296 4453 340 4521 8)
378 4453 584 4508 Ibidem
622 4470 675 4523 p.
716 4453 785 4508 28
823 4453 901 4507 n⁰
941 4453 1022 4509 15.

386 4542 467 4597 Ex
502 4543 682 4598 verbis
746 4543 844 4606 ,de
882 4544 1326 4598 succollectorum
1366 4545 1539 4599 voluit
1594 4545 1919 4600 deliberare·
1982 4548 2112 4601 satis
2168 4547 2403 4617 apparet,
2461 4547 2531 4601 de
2587 4563 2911 4618 unaquaque
2949 4549 3153 4621 Regula

173 4646 391 4687 suorum
449 4632 925 4701 praedecessorum
979 4647 1157 4687 coram
1196 4633 1439 4693 Romano
1477 4633 1754 4699 pontifice,
1811 4636 2021 4690 maturo
2059 4636 2373 4705 praehabito
2419 4637 2665 4702 consllio,
2704 4653 2801 4707 pro
2847 4639 3151 4709 temporum

174 4722 589 4776 necessitatibus
627 4722 821 4776 sedulo
859 4720 1028 4776 fuisse
1068 4722 1441 4777 deliberatum.

299 4810 343 4879 ⁷)
380 4810 587 4865 Ibidem
626 4826 679 4881 p.
719 4810 788 4865 28
826 4808 900 4864 n0
941 4812 1020 4866 ll.

294 4899 341 4970 ⁸)
380 4899 585 4954 Ibidem
622 4915 674 4970 p.
715 4899 926 4956 28—29
963 4899 1036 4955 n⁰
1072 4901 1157 4966 22,
1196 4902 1264 4956 22
1280 4930 1319 4961 a.

294 4987 339 5058 ⁹)
374 4987 580 5044 Ibidem
618 5004 670 5059 p.
709 4989 779 5044 28
815 4988 887 5044 n⁰
929 4990 1008 5045 19.

385 5077 523 5132 Cod.
562 5077 621 5132 B.
659 5078 751 5134 fol.
795 5079 894 5135 164
932 5079 1003 5133 n⁰
1042 5079 1158 5136 138.
1235 5080 1480 5150 (,‚Nuper
1517 5081 1944 5149 intendentes·).

384 5167 472 5222 De
509 5169 590 5232 ils,
630 5170 719 5238 qui
759 5171 811 5222 vi
853 5169 1164 5225 Litterarum
1203 5171 1687 5240 exspectativarum
1728 5172 1810 5225 ius
1850 5172 1902 5224 in
1942 5185 1997 5225 re
2047 5173 2151 5226 iam
2188 5171 2560 5241 possidebant,
2596 5172 2821 5228 consule
2860 5172 3145 5230 Ottenthal

177 5256 209 5310 l.
246 5273 289 5311 c.
327 5272 381 5326 p.
420 5256 490 5312 28
527 5254 598 5311 11⁰
639 5258 720 5322 17,
762 5257 843 5313 19.

281 5345 351 5417 ¹⁰)
387 5346 592 5400 Ibidem
630 5363 682 5417 p.
722 5347 790 5403 29
828 5347 900 5402 n⁰
937 5347 1021 5404 23.
