3688 5825
1607 360 1733 420 105

393 562 549 630 Νοη
597 564 1020 631 obstantibus
1063 565 1656 645 reservacionibus,
1706 568 2264 635 devolucionibus
2312 570 2375 634 et
2421 568 2566 634 aliis
2601 568 3159 652 quibuscumque,

182 690 303 757 per
364 690 494 756 que
557 671 856 756 ipsorum
915 671 1391 738 beneficiorum
1441 674 1721 741 collacio
1771 677 1835 742 et
1883 675 2253 761 disposicio
2301 674 2386 741 ad
2435 693 2562 741 nos
2610 674 2733 740 hac
2779 675 2920 740 vice
2969 674 3160 739 dum-

180 781 379 857 taxat,
428 781 497 844 ut
545 779 955 864 premittitur,
1005 779 1354 863 pertineret
1401 797 1664 847 necnon
1717 782 2232 867 quibuscunque
2282 782 2542 848 statutis
2590 784 2710 849 etc.
2757 832 2771 845 .
2818 831 2832 847 .
2882 832 2896 846 .
2946 799 3161 865 usque

183 886 514 952 insistant.
608 885 741 952 Seu
790 903 865 952 ac
912 904 1113 971 super
1159 886 1718 975 provisionibusl)
1766 892 1884 956 etc.
1939 942 1953 955 .
2005 940 2019 955 .
2072 939 2086 955 .
2134 889 2456 974 generari.

399 992 533 1061 Seu
583 993 639 1060 si
688 993 941 1060 eisdem
993 993 1343 1059 ordinariis
1390 996 1511 1062 etc.
1559 1046 1572 1059 .
1610 1046 1624 1061 .
1662 1046 1676 1061 .
1713 997 1976 1063 mencio
2011 996 2341 1082 specialis.
2416 994 2549 1061 Aut
2581 996 2636 1062 si
2671 995 2841 1062 dicte
2877 1013 3164 1080 persone

185 1104 530 1186 presentes
557 1118 695 1167 non
722 1100 961 1166 fuerint
986 1104 1104 1168 etc.
1135 1151 1148 1165 .
1184 1152 1197 1165 .
1236 1100 1426 1167 ,illud
1454 1105 1764 1187 prestent,
1792 1104 2060 1189 plenam
2088 1105 2152 1169 et
2176 1104 2450 1169 liberam
2478 1101 2910 1169 concedimus
2934 1105 3164 1170 tenore

185 1208 607 1293 presencium
685 1206 1062 1274 facultatem
1134 1208 1223 1274 ita
1292 1210 1535 1289 tamen,
1608 1210 1793 1295 quod
1871 1211 1995 1289 his,
2068 1210 2151 1277 ad
2209 1228 2384 1295 quos
2433 1210 2500 1276 in
2549 1210 3054 1276 canonicatibus
3102 1211 3168 1274 et

186 1314 548 1401 prebendis
626 1317 691 1381 et
767 1314 914 1381 aliis
992 1315 1336 1382 beneficiis
1414 1317 1801 1384 huiusmodi
1879 1337 1998 1384 seu
2077 1318 2159 1383 ad
2246 1336 2323 1384 ea
2411 1316 2495 1383 de
2567 1317 2704 1382 iure
2783 1317 2888 1383 vel
2968 1316 3165 1383 simili

184 1421 676 1489 consuetudine
712 1422 815 1488 ius
860 1422 1287 1507 presentandi
1336 1426 1448 1489 aut
1495 1425 1891 1492 nominandi
1941 1426 2244 1511 pertinet,
2296 1425 2560 1510 possint
2607 1424 2689 1491 ad
2738 1425 3166 1491 canonicatus

187 1532 252 1595 et
299 1528 675 1614 prebendas
732 1529 996 1615 aliaque
1054 1531 1377 1597 beneficia
1425 1531 1802 1616 supradicta
1852 1531 2015 1599 infra
2064 1535 2331 1617 tempus
2379 1533 2773 1617 legitimum,
2836 1551 2873 1598 a
2923 1530 3165 1597 noticia

189 1636 607 1723 presencium
656 1636 1204 1722 computandum,
1277 1656 1600 1722 personas
1665 1639 1971 1724 ydoneas
2021 1641 2400 1725 presentare
2450 1643 2514 1705 et
2562 1641 2770 1706 eciam
2821 1638 3167 1705 nominare

188 1746 252 1810 et
300 1743 414 1823 hii,
464 1743 547 1809 ad
596 1760 771 1828 quos
839 1743 1138 1829 ipsorum
1200 1748 1729 1829 presentatorum
1793 1748 1859 1812 et
1918 1747 2417 1812 nominatorum
2467 1746 2803 1813 institucio
2867 1746 3167 1831 pertinet,

190 1852 261 1915 ut
309 1850 645 1935 prefertur,
694 1850 857 1916 alias
906 1850 1072 1936 ipsis
1119 1851 1331 1918 taliter
1378 1853 1775 1936 presentatis
1853 1871 1972 1919 seu
2052 1853 2413 1921 nominatis
2463 1854 2726 1939 possint
2772 1855 2838 1919 et
2884 1851 3171 1919 debeant

190 1957 274 2024 de
347 1957 513 2043 ipsis
586 1958 1090 2025 canonicatibus
1160 1961 1224 2025 et
1296 1959 1655 2044 prebendis
1724 1960 2010 2046 aliisque
2079 1960 2424 2028 beneficiis
2471 1960 2708 2027 eadem
2782 1960 3167 2026 auctoritate

188 2065 561 2150 apostolica
612 2066 702 2144 ,ut
749 2065 1082 2150 prefertur,
1133 2065 1502 2150 providere.
1608 2066 1753 2135 Nos
1803 2069 2005 2146 enirn,
2076 2071 2272 2153 prout
2340 2070 2442 2134 est
2486 2068 2755 2139 ,irritum
2827 2069 2948 2133 etc.
3011 2116 3025 2131 .
3087 2117 3101 2131 .
3154 2116 3168 2131 .

190 2172 588 2257 attemptari.
681 2170 862 2238 Nulli
910 2190 1074 2257 ergo
1123 2174 1243 2239 etc.

405 2279 651 2346 Datum
723 2277 1057 2346 Avinione
1125 2278 1313 2345 XVII.
1385 2281 1511 2347 kal.
1580 2257 1924 2349 >Februarii
1997 2282 2425 2375 pontificatus
2497 2281 2704 2348 nostri
2775 2299 2840 2348 a.
2882 2280 3169 2348 decimo.

316 2493 364 2563 ¹)
403 2491 666 2547 formulae
703 2493 995 2547 consuetae
1033 2493 1120 2547 hic
1157 2508 1267 2547 non
1304 2494 1537 2563 amplius
1574 2496 1850 2564 ponuntur
1887 2496 1940 2548 in
1980 2496 2223 2549 extenso,

1615 2762 1739 2842 51.

194 2867 334 2924 1363
370 2866 489 2923 Jan.
528 2865 578 2924 5.

192 2956 333 3013 Cod.
375 2956 436 3012 B.
476 2956 567 3012 fol.
612 2957 905 3013 159—162.

469 3082 887 3169 Revocacio
946 3089 1559 3187 expectacionum
1616 3086 1970 3165 factarum
2030 3109 2163 3188 per
2219 3085 2743 3166 Innocencium
2799 3085 2915 3164 Vl.

768 3210 1118 3291 Urbanus
1175 3214 1309 3289 ete.
1423 3209 1542 3290 Ad
1601 3211 1923 3290 futuram
1982 3216 2082 3289 rei
2142 3207 2605 3292 memoriam.

410 3350 524 3418 Ad
559 3370 676 3432 ea,
728 3370 864 3437 per
896 3371 1045 3437 que
1080 3353 1357 3420 ecclesie
1390 3356 1455 3419 et
1484 3353 1932 3420 ecclesiastica
1966 3353 2110 3420 loca
2160 3373 2196 3420 a
2245 3354 2746 3439 gravaminibus
2789 3354 3179 3433 releventur,

195 3460 482 3526 libenter
529 3461 747 3544 partes
797 3459 1166 3544 apostolice
1215 3460 1659 3526 solicitudinis
1706 3460 2124 3527 adhibemus,

411 3564 852 3633 Attendentes
924 3566 1167 3651 itaque,
1241 3566 1424 3651 quod
1497 3567 1667 3633 sicut
1736 3568 1935 3634 nobis
2008 3568 2298 3634 innotuit
2377 3568 2564 3633 multi
2613 3570 2733 3634 etc.
2956 3567 3180 3652 (utin

195 3674 695 3740 constitucione
738 3671 1090 3739 Benedicti
1135 3672 1280 3739 XII.
1331 3672 1425 3740 n⁰
1463 3671 1574 3759 19)
1636 3727 1649 3739 .
1701 3725 1715 3739 .
1768 3725 1781 3738 .
1833 3675 1900 3740 in
1972 3674 2165 3741 dictis
2214 3675 2512 3741 ecclesiis
2582 3675 2687 3741 vel
2758 3675 3183 3741 monasteriis

201 3782 346 3848 sive
397 3780 563 3847 locis
599 3783 663 3846 et
710 3780 919 3847 eciam
976 3780 1059 3846 ad
1095 3781 1267 3861 illos,
1318 3782 1431 3866 qui
1476 3781 1863 3847 huiusmodi
1905 3781 2301 3867 prebendaS,
2353 3781 2734 3866 dignitateS,
2785 3784 3183 3867 personatus

198 3889 304 3955 vel
363 3887 586 3954 officia
643 3890 755 3953 aut
802 3887 928 3954 alia
989 3905 1388 3972 quecunque
1438 3888 1783 3967 beneficia,
1832 3888 2064 3973 vigore
2110 3889 2478 3973 graciarum
2527 3890 2625 3955 eis
2675 3888 3009 3966 factarum,
3069 3906 3187 3972 per

197 3995 280 4060 te.
318 4013 408 4060 re.
455 3994 922 4060 Innocencium
973 4012 1216 4080 papam
1250 3994 1352 4060 Vl.
1405 3993 1947 4080 predecessorem
2000 3997 2320 4073 nostrum,
2371 4013 2574 4079 super
2606 3996 2851 4081 quibus
2884 3998 3185 4081 tempore

199 4102 428 4168 obitus
478 4100 690 4185 ipsius
735 4101 1228 4186 predecessoris
1261 4102 1630 4187 apostolice
1679 4102 1891 4167 littere
1925 4102 2221 4169 confecte
2265 4120 2402 4167 non
2435 4102 2713 4180 fuerant,
2748 4104 3187 4188 expectabant

200 4209 452 4294 illaque
514 4209 822 4274 vacancia
886 4211 951 4275 et
998 4209 1096 4274 eis
1144 4208 1367 4275 debita
1416 4211 1567 4274 ante
1613 4208 1792 4274 Xllll.
1844 4210 1970 4275 kal.
2023 4209 2396 4275 decembris
2446 4210 2744 4293 proxime
2780 4209 3069 4294 preteriti
3118 4209 3185 4275 in

196 4316 413 4384 forma
471 4314 695 4381 debita
742 4318 1190 4401 acceptarunt,
1250 4319 1626 4402 presentem
1698 4317 2253 4384 constitucionem
2327 4317 2640 4382 volumus
2704 4334 2842 4381 non
2898 4315 3184 4382 extendi.

196 4423 344 4490 Nos
396 4423 674 4508 insuper
719 4422 965 4489 irritum
1017 4425 1138 4490 etc.
1231 4423 1412 4490 Nulli
1463 4441 1625 4508 ergo
1675 4426 1794 4490 etc.

416 4529 664 4596 Datum
710 4528 1046 4597 Avinione
1095 4531 1293 4597 nonis
1338 4531 1636 4598 Januarii
1688 4534 1871 4617 pont.
1924 4531 2132 4598 nostri
2182 4550 2241 4597 a.
2292 4530 2529 4615 primo,

206 4940 344 4998 1363
381 4939 560 4996 Martii
597 4937 683 4995 30.
1639 4834 1765 4915 ’52'

201 5030 335 5103 Reg.
376 5028 500 5085 Vat.
538 5030 574 5084 t.
614 5028 734 5085 245.
773 5028 865 5085 fol:
910 5027 1028 5084 122.

1044 5154 1166 5236 Ad
1223 5155 1669 5259 Perpetuam
1732 5162 1830 5236 rei
1889 5158 2368 5237 Memoriam.

421 5299 1100 5366 Excommunicamus
1149 5302 1214 5364 et
1262 5300 1903 5366 anathematizamus
1938 5320 2017 5366 ex
2062 5303 2244 5384 parte
2279 5299 2405 5366 Dei
2454 5297 2941 5382 omnipotentis
2990 5296 3194 5380 patris

211 5410 276 5473 et
322 5407 445 5473 filii
497 5409 562 5472 et
596 5406 869 5492 spiritus
904 5407 1133 5484 sancti,
1183 5407 1570 5473 auctoritate
1620 5425 1895 5492 quoque
1931 5409 2279 5474 beatorum
2331 5406 2505 5473 Petri
2542 5410 2606 5473 et
2640 5404 2829 5470 Pauli
2864 5421 2938 5470 ac
2972 5406 3194 5468 nostra

2916 5528 2949 5582 8
