3688 5825
1652 296 1737 356 85

1625 610 1749 690 32.

212 737 351 792 1344
387 736 541 791 Febr.
587 737 665 792 13.

205 825 344 880 Cod.
385 825 445 880 Β.
484 825 575 881 fol.
621 826 915 883 124-127.

206 1040 626 1125 Revocacio
663 1042 1029 1145 generalis
1070 1045 1665 1120 reservacionum
1708 1040 1995 1118 domini
2025 1038 2392 1118 Johannis
2431 1061 2626 1141 pape
2665 1043 2739 1115 in
2789 1039 3192 1138 provinciis

408 1183 600 1263 ltalie
659 1188 730 1263 et
788 1188 1200 1263 reservacio
1258 1184 1576 1275 illorum,
1638 1184 1732 1261 de
1790 1183 2065 1285 quibus
2123 1206 2278 1260 non
2335 1182 2471 1260 tuit
2526 1180 2972 1259 ordinatum.

490 1343 845 1424 Clemens
903 1350 1308 1448 episcopus
1366 1348 1499 1423 ete.
1613 1341 1736 1421 Ad
1793 1346 2229 1446 perpetuam
2291 1346 2390 1420 rei
2449 1344 2912 1420 memoriam.

427 1521 674 1607 Super
742 1521 1162 1588 universas
1235 1522 1417 1588 orbis
1488 1520 1804 1589 ecclesias
1866 1539 1903 1586 a
1965 1520 2244 1587 domino
2316 1519 2654 1586 constituti
2725 1518 2892 1585 circa
2964 1535 3188 1583 earum

206 1628 570 1695 commoda
619 1631 681 1694 et
725 1629 949 1713 gregis
998 1628 1317 1694 dominici
1368 1628 1567 1694 nobis
1618 1629 1682 1693 in
1747 1628 1843 1694 eis
1906 1628 2250 1694 commissi
2299 1625 2601 1693 custodia
2649 1626 2947 1703 libenter,
2998 1626 3192 1708 prout

206 1739 534 1814 tenemur,
583 1754 663 1801 ex
733 1734 962 1801 debito
1034 1735 1258 1819 vigilis
1330 1735 1766 1820 speculatoris
1839 1733 2137 1800 officium
2210 1734 2607 1799 adhibemus
2656 1734 2720 1797 et
2768 1731 2851 1797 ad
2901 1749 2999 1809 ea,
3060 1748 3191 1815 que

206 1842 583 1909 animarum
611 1842 892 1908 salutem
922 1841 1345 1908 ecclesiarum
1376 1843 1668 1927 ipsarum
1697 1843 1953 1907 bonum
1983 1844 2222 1907 statum
2253 1843 2315 1906 et
2338 1837 3190 1923 fideliumtranquillitatem

206 1950 587 2035 respiciant,
638 1948 874 2015 studiis
920 1949 1080 2015 totis
1130 1948 1539 2014 intendimus
1591 1948 1871 2015 intensis
1919 1947 2267 2014 desideriis
2316 1945 2706 2024 laborando,
2779 1948 2847 2009 ut
2917 1943 3193 2010 ecclesie

209 2057 359 2142 ipse
410 2074 486 2122 ac
542 2056 686 2122 loca
758 2056 1202 2122 ecclesiastica
1250 2056 1615 2122 rectoribus
1683 2056 2138 2142 gubernentur
2182 2054 2470 2140 ydoneis
2519 2056 2582 2119 et
2628 2052 2954 2119 canonico
3002 2050 3193 2116 titulo

207 2167 565 2230 teneantur
611 2164 971 2248 omnisque
1020 2163 1283 2229 tollatur
1330 2163 1616 2241 occasi0,
1667 2180 1785 2248 per
1832 2180 2033 2247 quam
2083 2162 2299 2247 possit
2357 2160 2757 2227 contrarium
2822 2158 3192 2244 provenire.

211 2270 400 2338 Olim
473 2270 805 2355 siquidem
865 2269 947 2336 ie.
999 2288 1085 2335 re.
1133 2269 1481 2336 ,lohannes
1553 2287 1727 2354 papa
1773 2268 1960 2334 XXll.
2012 2271 2133 2334 etc.
2194 2269 2272 2334 ut
2315 2270 2385 2333 in
2434 2267 2925 2332 constitutione
2979 2261 3194 2341 „Soli-

208 2377 448 2443 citudo
471 2375 895 2462 pastoralis-⁴¹
941 2376 1057 2461 (n0
1080 2375 1196 2462 34)
1239 2394 1452 2460 usque
1477 2375 1573 2441 ad
1602 2393 1969 2454 cassamuS,
2004 2375 2331 2441 irritamus
2364 2377 2428 2440 et
2462 2374 2726 2459 penitus
2770 2372 3195 2438 annullamus

208 2485 534 2570 ipsasque
585 2484 832 2550 nullius
880 2483 1020 2549 fore
1069 2482 1489 2549 decernimus
1540 2483 1806 2568 penitus
1857 2482 2204 2547 firmitatis,

430 2625 613 2692 Nulli
663 2644 824 2712 ergo
874 2628 992 2692 etc.

429 2768 674 2835 Datum
723 2769 1058 2835 Avinione
1106 2768 1330 2835 idibus
1378 2767 1716 2835 Februarii
1766 2770 1953 2852 pont.
1976 2765 2026 2854 1)
2075 2767 2282 2833 nostri
2330 2785 2388 2832 a.
2438 2764 2758 2832 secund0.

344 3018 392 3089 1)
438 3018 659 3089 ¹‚pontii.
698 3020 895 3073 nostri·
939 3019 1138 3074 desunt
1176 3018 1242 3073 V.

1648 3302 1774 3383 33.

224 3429 365 3484 1344
400 3428 553 3483 Febr.
598 3426 679 3482 13.

216 3517 359 3573 Cod.
398 3517 459 3572 B.
496 3517 589 3572 fol.
632 3517 748 3572 123.

218 3733 663 3818 Reservacio
692 3733 1058 3837 generalis
1102 3732 1640 3834 episcopalium
1681 3734 1752 3809 et
1790 3730 2093 3808 aliarum
2127 3729 2677 3832 collegiatarum
2723 3728 3194 3806 ecclesiarum

1031 3879 1102 3954 et
1158 3877 1781 3953 monasteriorum
1839 3877 1913 3950 in
1971 3875 2395 3974 provinciis

785 4035 1141 4116 Clemens
1199 4039 1333 4113 ete.
1446 4032 1569 4112 Ad
1625 4034 1944 4112 futuram
2005 4037 2104 4111 rei
2165 4036 2627 4111 memoriam.

432 4215 894 4300 Dirigentes
943 4217 1211 4280 nostre
1258 4211 1949 4278 consideracionis
1996 4211 2304 4276 intuitum
2353 4209 2436 4276 ad
2485 4211 2724 4275 statum
2770 4209 3194 4275 ecclesiarum

218 4325 282 4389 et
335 4322 893 4388 monasteriorum
945 4319 1238 4405 parcium
1291 4318 1468 4384 Italie
1516 4321 1782 4384 auctore
1831 4317 2110 4383 domino
2161 4320 2281 4382 etc.
2533 4316 2876 4402 prodesse.

432 4463 836 4530 Huiusmodi
887 4467 949 4529 et
996 4462 1339 4529 nonnullis
1389 4460 1537 4526 aliis
1602 4461 2117 4526 racionabilibus
2177 4460 2399 4527 causis
2448 4458 2717 4537 inducti,
2775 4459 3198 4544 provisiones

218 4572 528 4640 omnium
657 4573 719 4637 et
824 4570 1236 4655 singularum
1356 4567 1883 4653 patriarchalium
1991 4569 2055 4632 et
2146 4566 2631 4652 episcopalium
2749 4565 3196 4643 ecclesiarum,

220 4678 779 4747 monasteriorum
872 4695 1135 4743 necnon
1226 4676 1633 4761 prioratuum
1727 4677 1789 4740 et
1880 4674 2176 4741 locorum
2271 4672 2829 4750 conventualium,
2909 4672 3196 4737 virorum

219 4787 565 4852 dumtaxat
635 4786 908 4851 abbates
968 4784 1277 4868 proprios
1350 4800 1466 4848 seu
1540 4783 1917 4866 superiores
1989 4780 2091 4846 sui
2142 4779 2393 4846 ordinis
2460 4798 2596 4845 non
2656 4779 3076 4857 habencium,
3126 4796 3201 4844 ac

221 4892 692 4979 principalium
757 4890 1158 4975 prelatorum
1211 4907 1328 4955 seu
1391 4889 1680 4973 capitum
1743 4888 2053 4953 ordinum
2112 4905 2249 4952 non
2300 4886 2832 4952 mendicancium
2884 4902 3198 4969 quorum-

220 5016 493 5084 cunque
542 4998 607 5064 in
656 4995 1051 5082 Aquilegen.
1102 4999 1166 5061 et
1218 4994 1508 5062 Graden.
1559 4993 2105 5079 patriarchatibus
2138 5011 2214 5059 ac
2245 4992 2696 5058 Mediolanen.
2748 4991 3198 5065 Ravennaten.

221 5105 450 5173 pisan.
513 5108 578 5171 et
634 5104 918 5170 Januen.
968 5103 1342 5169 civitatibus
1402 5102 1574 5168 dioc.
1625 5104 1687 5166 et
1736 5100 2097 5185 provinciis
2159 5117 2420 5165 necnon
2485 5099 2551 5163 in
2614 5099 2913 5182 partibus
2959 5096 3198 5163 Tuscie

222 5212 746 5280 consistencium
835 5210 918 5275 ad
998 5228 1274 5294 presens
1353 5211 1810 5275 vacaturorum
1891 5208 1956 5271 et
2034 5224 2247 5290 usque
2324 5205 2406 5271 ad
2485 5204 2855 5282 biennium,
2935 5223 2973 5269 a
3049 5204 3198 5269 data

224 5319 647 5406 presencium
715 5316 1262 5401 computandum,
1334 5318 1810 5391 vacaturorum,
1883 5312 1966 5377 ad
2025 5331 2307 5397 quorum
2382 5312 2706 5396 ragimina
2785 5310 3015 5396 prelati
3086 5328 3201 5395 per
