3688 5825
1652 317 1772 376 101

212 526 584 601 vacantem,
629 523 820 589 cuius
854 523 1121 601 fructus,
1156 521 1453 589 redditus
1487 526 1552 590 et
1585 526 1953 609 prouentus
1988 522 2427 609 quadraginta
2462 521 2760 607 quinque
2794 521 3198 588 florenorum

213 629 354 694 auri
416 628 787 695 secundum
836 631 1253 696 taxacionem
1304 629 1561 696 decime
1609 630 1907 696 volorem
1959 647 2254 696 annuum
2319 646 2455 694 non
2519 628 2865 707 excedunt,
2929 629 3200 696 eciamsi

214 738 301 803 sit
349 737 515 803 alias
564 736 1006 822 disposicioni
1042 737 1413 823 apostolice
1447 739 1797 816 reservata,
1850 755 1999 803 cum
2050 737 2366 803 omnibus
2394 736 2648 802 iuribus
2681 738 2744 802 et
2776 735 3202 821 pertinenciis

214 844 358 910 suis
431 844 801 929 apostolica
873 844 991 910 tibi
1064 844 1450 911 auctoritate
1522 844 1929 910 conterimus
1990 846 2055 910 et
2125 843 2207 910 de
2279 843 2387 909 illa
2457 843 2667 909 eciam
2749 841 3202 928 providemus,

215 950 671 1029 decernentes,
721 953 918 1036 prout
959 959 1058 1017 est
1094 951 1342 1017 irritum
1376 953 1441 1018 et
1473 952 1691 1026 inane,
1742 952 1797 1017 si
1850 968 2043 1017 secus
2092 969 2294 1036 super
2339 949 2468 1016 hiis
2499 968 2536 1015 a
2572 966 2914 1035 quoquam
2967 949 3203 1034 quavis

215 1059 606 1124 auctoritate
701 1058 986 1124 scienter
1076 1058 1180 1124 vel
1258 1058 1641 1143 ignoranter
1701 1059 2163 1143 attemptatum
2243 1058 2466 1123 forsan
2542 1059 2643 1122 est
2712 1056 3032 1122 hactenus
3100 1056 3204 1122 vel

220 1165 663 1250 imposterum
736 1165 1088 1250 contigerit
1157 1166 1551 1251 attemptari.
1644 1164 1798 1231 Non
1872 1165 2296 1231 obstantibus
2367 1165 2487 1230 etc.
2581 1162 2761 1229 Nulli
2834 1182 2994 1248 ergo
3052 1166 3203 1230 etc.:

434 1307 681 1373 Datum
757 1306 935 1393 apud
1008 1306 1249 1374 Villam
1322 1307 1585 1375 Novam
1662 1307 2139 1374 Avinionensis
2210 1307 2500 1374 diocesis
2561 1306 2663 1371 Vl.
2715 1305 2865 1372 idus
2924 1305 3083 1372 Julii
3147 1325 3203 1371 a.

218 1416 492 1481 octavo

438 1556 506 1623 ln
537 1556 777 1623 eodem
812 1556 1019 1625 modo
1048 1596 1136 1604 —
1170 1557 1447 1625 Dilectis
1479 1558 1635 1624 tiliis
1669 1609 1683 1623 .
1720 1608 1734 1623 .
1769 1609 1783 1622 .
1818 1556 2058 1624 Sancte
2075 1556 2285 1623 Marie
2319 1558 2383 1623 in
2410 1556 2627 1622 Arena
2643 1556 3206 1622 Wratislauiensis

220 1665 284 1729 et
348 1662 572 1731 Sancti
635 1664 972 1730 Vincencii
1053 1683 1263 1750 prope
1319 1664 1803 1730 Wratislauiam
1857 1665 2413 1730 monasteriorum
2464 1663 2819 1729 abbatibus
2870 1681 2944 1729 ac
2994 1714 3007 1726 .
3062 1715 3073 1726 .
3127 1714 3140 1727 .
3194 1714 3206 1727 .

223 1770 482 1837 decano
531 1771 808 1838 ecclesie
857 1770 922 1837 S.
974 1770 1263 1856 Agricoli
1313 1770 1789 1838 Avinionensis
1838 1772 2119 1837 salutem
2171 1775 2291 1837 etc.

433 1914 679 1980 Datum
731 1916 801 1979 ut
849 1932 1069 1998 supra.

440 2093 489 2160 ¹)
528 2091 774 2146 Bosdori.

232 2395 371 2449 1353
409 2394 565 2449 Febr.
605 2395 653 2448 7.

227 2484 356 2555 Reg.
400 2483 519 2538 Vat.
559 2485 595 2538 t.
635 2483 755 2538 235.
796 2482 886 2538 iol.
926 2484 1011 2539 23.

180 2679 644 2787 ⁸Carissimo
703 2685 776 2759 in
835 2680 1139 2761 Christo
1196 2683 1352 2762 filio
1400 2682 1749 2774 Johanni,
1813 2682 1994 2787 Regi
2044 2683 2347 2763 Francie
2396 2683 2648 2763 lllustri
2707 2685 3019 2763 salutem
3079 2688 3213 2763 etc.

443 2841 740 2908 Dilectus
778 2841 958 2908 filius
1000 2843 1315 2928 magister
1348 2842 1581 2909 Petrus
1607 2842 1691 2909 de
1718 2843 2027 2924 Caritate,
2061 2844 2426 2911 canonicus
2460 2843 2812 2911 ParisienS.
2841 2845 2905 2909 in
2937 2847 3218 2930 utroque

232 2952 369 3017 iure
401 2949 806 3028 licenciatuS,
844 2949 1264 3016 consiliarius
1299 2952 1363 3017 et
1393 2952 1667 3017 nuntius
1702 2955 1859 3019 tunc
1907 2952 2073 3018 lator
2106 2952 2545 3037 presencium,
2596 2953 2712 3037 qui
2760 2952 3120 3019 commissa
3158 2952 3216 3017 ei

232 3057 516 3142 negocia
549 3060 680 3135 tua,
729 3059 859 3122 tam
911 3057 1091 3143 apud
1126 3057 1207 3124 ie.
1243 3076 1329 3124 re.
1425 3058 1839 3125 Clementem
1893 3076 2135 3144 papam
2169 3059 2272 3125 Vl.
2309 3058 2849 3144 predecessorem
2895 3061 3219 3137 nostrum,

232 3164 392 3230 dum
425 3163 696 3243 viveret,
746 3182 970 3248 quam,
1021 3164 1261 3230 eodem
1297 3164 1728 3249 predcessore
1762 3165 2029 3231 sublato
2064 3164 2146 3231 de
2182 3165 2425 3244 medio,
2469 3166 2648 3251 apud
2693 3184 2823 3232 nos
2866 3165 3223 3250 prudenter

233 3275 296 3337 et
345 3269 645 3356 provide,
716 3269 1011 3337 adhibita
1063 3271 1320 3338 solicita
1370 3270 1748 3357 diligencia,
1799 3272 2114 3357 prosequi
2166 3271 2438 3350 studuit,
2512 3272 2593 3338 ad
2664 3275 2728 3338 te
2800 3273 2880 3338 ad
2947 3290 3221 3357 presens

235 3378 591 3456 revertitur,
625 3396 662 3442 a
698 3395 834 3462 quo
869 3377 1190 3462 quicquid
1240 3378 1306 3444 in
1343 3379 1645 3464 negociis
1680 3379 1848 3464 ipsis
1882 3381 2096 3444 actum
2132 3381 2233 3445 est
2265 3381 2330 3444 et
2363 3380 2643 3463 qualiter
2685 3397 2813 3445 nos
2856 3379 3222 3465 peticiones

236 3502 353 3570 pro
405 3486 588 3569 parte
636 3487 747 3549 tua
797 3484 996 3551 nobis
1046 3485 1376 3551 exhibitas
1426 3486 1718 3569 benigne
1768 3486 2139 3570 recepimus
2189 3487 2251 3550 et
2300 3503 2434 3564 eaS,
2494 3488 2818 3570 quantum
2869 3504 3018 3552 cum
3091 3484 3223 3551 deo

236 3592 602 3677 potuimuS‚
651 3590 733 3656 ad
769 3590 1229 3657 exaudicionis
1276 3592 1564 3676 graciam
1616 3591 1929 3657 duximus
1979 3590 2443 3670 admittendas,
2493 3591 2728 3658 audies
2769 3593 3022 3659 seriose
3056 3592 3226 3659 sicut

235 3718 270 3764 a
318 3717 469 3765 ven.
517 3698 708 3763 fratre
757 3700 988 3764 nostro
1038 3697 1375 3776 Gnidone,
1438 3699 1764 3783 episcopo
1813 3697 2149 3776 Portum,
2213 3697 2328 3784 qui
2377 3697 2459 3764 ad
2511 3701 2729 3783 partes
2781 3700 2964 3785 ipsas
3014 3717 3228 3784 nuper

238 3824 310 3872 se
358 3805 660 3883 contulit,
724 3805 1045 3871 serenitas
1093 3807 1204 3870 tua
1253 3805 1470 3889 potuit
1518 3804 1726 3871 eciam
1776 3804 2132 3871 audivisse.
2206 3802 2274 3870 Si
2324 3807 2542 3871 autem
2595 3806 2997 3890 peticionem
3046 3806 3225 3872 illam

237 3930 439 3998 super
483 3910 906 3978 conferendis
953 3912 1459 3978 canonicatibus
1507 3915 1638 3977 tam
1685 3911 2159 3978 cathedralium
2218 3930 2416 3996 quam
2466 3899 2741 3977 aliarum
2800 3913 3222 3980 ecclesiarum

235 4019 422 4105 regni
448 4019 543 4084 tui
570 4018 875 4102 personis
903 4035 1020 4102 per
1042 4020 1104 4083 te
1131 4018 1564 4084 nominandis
1597 4037 1747 4084 cum
1784 4018 2239 4085 reservacione
2274 4018 2761 4103 prebendarum
2799 4019 3224 4086 ecclesiarum

237 4126 533 4212 ipsarum
580 4123 1130 4191 conferendarum
1183 4126 1490 4210 personis
1538 4125 1793 4191 eisdem
1846 4125 2120 4192 nomine
2167 4128 2282 4191 tuo
2332 4125 2532 4191 nobis
2594 4126 2956 4193 exhibitam
3010 4126 3075 4191 in
3148 4145 3226 4193 ea

236 4233 470 4312 forma,
522 4233 589 4298 in
641 4250 774 4318 qua
823 4233 1112 4299 exhibita
1144 4232 1373 4310 fuerat,
1425 4250 1560 4298 non
1596 4231 1910 4298 duximus
1959 4231 2458 4310 admittendam,
2509 4250 2593 4297 eo
2642 4232 2975 4299 credimus
3023 4251 3225 4317 equa-

237 4341 505 4406 nimiter
550 4339 839 4425 amplius
886 4343 949 4405 te
984 4339 1288 4417 laturum,
1339 4356 1476 4422 quo
1521 4338 1943 4423 importabile
1994 4338 2501 4423 quodammodo
2552 4357 2726 4405 onus
2783 4341 2844 4405 ei
2894 4339 3227 4406 similibus

237 4448 479 4534 graciis
536 4447 856 4513 hactenus
915 4446 1304 4531 impositum
1383 4445 1638 4511 eisdem
1711 4445 2010 4512 ecclesiis
2082 4446 2526 4511 adiectionem
2601 4446 2932 4512 ulterioris
3003 4446 3227 4512 oneris

239 4574 377 4621 non
428 4553 689 4619 admitit
730 4554 1053 4640 quinymo
1102 4553 1596 4638 compassionis
1645 4551 1953 4618 affectum
2005 4570 2164 4637 ergo
2216 4552 2397 4637 ipsas
2446 4551 2761 4618 ecclesias
2810 4552 3016 4636 exigit
3048 4556 3111 4618 et
3144 4554 3229 4619 ab

239 4661 688 4747 imposicione
737 4661 991 4726 sarcine
1039 4660 1364 4744 gravioris
1413 4658 1648 4725 suadet
1698 4660 2186 4744 presencialiter
2248 4658 2745 4726 abstinendum.
2841 4657 2939 4724 Tu
2996 4660 3228 4738 eciam,

239 4768 582 4836 carissime
637 4768 753 4845 fili,
828 4767 1246 4833 affectionem
1299 4770 1361 4832 et
1431 4766 1788 4844 caritatem,
1861 4784 2059 4850 quam
2135 4764 2218 4832 ad
2291 4770 2355 4832 te
2426 4783 2844 4850 regnumque
2924 4772 3109 4830 tuum
3164 4767 3228 4831 in

242 4875 619 4941 minoribus
667 4874 1007 4940 constituti
1060 4872 1437 4951 habuimuS,
1488 4873 1808 4939 hactenus
1859 4871 2171 4951 didicisti,
2222 4890 2374 4956 que,
2439 4871 2598 4937 dum
2648 4889 2800 4937 cum
2866 4876 3231 4956 angmento

243 4986 452 5049 status
517 4981 751 5046 virium
827 4997 1102 5064 quoque
1161 4979 1561 5047 incrementa
1613 4981 1930 5064 suscepit,
1979 4983 2203 5045 tenere
2253 4980 2459 5045 debes
2510 4977 2809 5052 indubie,
2869 4978 3053 5062 quod
3104 4997 3232 5045 nos

244 5090 417 5155 votis
466 5088 621 5167 tuiS,
683 5090 1005 5172 quantum
1056 5105 1205 5152 cum
1255 5086 1385 5152 deo
1432 5104 1821 5172 possumus,
1872 5087 2153 5152 libenter
2199 5085 2559 5151 annuimus
2608 5088 2672 5151 et
2728 5103 2805 5150 ea
2857 5087 3230 5170 oportuniS‚

244 5214 327 5262 eo
377 5197 716 5280 prestante
762 5193 1121 5272 favoribuS‚
1174 5211 1682 5279 prosequamur.

460 5337 708 5403 Datum
758 5335 1092 5401 Avinione
1140 5334 1266 5401 Vll.
1318 5335 1467 5402 idus
1517 5335 1858 5402 Februarii
1907 5354 1964 5401 a.
2015 5336 2254 5419 prim0.
