3688 5825
1622 298 1705 359 63

173 967 312 1024 1325
349 968 532 1023 Martii
571 967 655 1023 27.

169 1056 310 1114 eod.
351 1056 413 1112 Β.
452 1056 545 1112 fol.
583 1056 812 1113 69—70.

896 1289 1352 1393 Prorogacio
1411 1296 2010 1371 reservacionum
2068 1296 2142 1370 in
2201 1291 2414 1370 Italia.

1013 1485 1138 1567 Ad
1195 1490 1634 1590 perpetuam
1693 1492 1792 1566 rei
1851 1492 2317 1568 memoriam.

390 1647 720 1714 Dudum
791 1647 1209 1715 videlicet
1271 1647 1372 1719 Kl.
1422 1646 1665 1733 Aprilis
1716 1648 2145 1734 pontificatus
2194 1648 2400 1714 nostri
2451 1665 2629 1714 anno
2691 1647 2980 1731 septimo
3030 1663 3157 1712 nos

173 1755 256 1821 de
291 1757 472 1821 statu
508 1754 801 1840 parcium
837 1753 1015 1820 ltalie
1049 1753 1473 1839 spiritualiter
1504 1758 1568 1820 et
1599 1755 2050 1839 temporaliter
2082 1758 2345 1822 auctore
2380 1754 2658 1821 domino
2694 1751 3157 1840 promovendo

174 1861 438 1929 solicite
508 1860 882 1945 cogitantes
952 1878 1029 1927 ac
1096 1861 1464 1947 cupientes,
1537 1865 1609 1927 ut
1665 1879 1782 1947 per
1853 1861 2348 1947 providenciam
2421 1861 2602 1928 sedis
2659 1860 3026 1947 apostolice
3075 1859 3156 1925 de

175 1954 566 2055 pastoribus
659 1970 725 2033 et
794 1967 1062 2054 prelatis
1133 1967 1201 2032 in
1274 1968 1572 2053 partibus
1665 1968 2134 2055 disponeretur
2191 1964 2534 2055 predictis,
2628 1968 2743 2054 qui
2814 1967 3013 2034 nobis
3097 1969 3162 2033 et

174 2075 459 2143 ecclesie
502 2074 802 2148 Romane
851 2074 1076 2141 devoti
1125 2077 1190 2142 et
1234 2074 1470 2142 fideles
1512 2076 1872 2142 existerent
1904 2079 1968 2142 et
2001 2077 2150 2143 aliis
2197 2076 2437 2143 scirent
2469 2078 2533 2142 et
2565 2077 2843 2162 possent
2891 2092 3160 2161 preesse

175 2183 428 2249 utiliter
496 2184 561 2248 et
618 2180 961 2267 prodesse,
1033 2199 1273 2248 omnes
1343 2185 1408 2248 et
1455 2182 1767 2267 singulas
1814 2182 2226 2249 cathedrales
2283 2186 2347 2249 et
2401 2182 2789 2268 collegiatas
2845 2180 3160 2248 ecclesias

176 2288 516 2356 seculares
585 2291 649 2354 et
735 2288 1070 2373 regulares
1148 2288 1433 2355 civitatis
1527 2288 1663 2375 et1)
1741 2289 2073 2356 dioecesis
2160 2287 2300 2373 ac2)
2371 2289 2710 2375 provincie
2797 2288 3158 2362 Ravennat.

177 2400 423 2462 extunc
494 2413 709 2480 usque
757 2394 841 2461 ad
902 2394 1247 2461 biennium
1297 2398 1639 2462 vacaturas
1704 2395 2157 2481 disposicioni
2235 2399 2459 2463 nostre
2508 2399 2572 2463 et
2619 2395 2922 2462 eiusdem
2980 2393 3161 2461 sedis

178 2501 558 2589 apostolice
626 2502 1010 2567 auctoritate
1069 2501 1437 2587 apostolica
1488 2502 1800 2569 duximus
1850 2503 2313 2583 reservandaS,
2373 2502 2732 2570 districtius
2781 2502 3161 2568 inhibentes

176 2609 501 2676 omnibus
580 2612 645 2675 et
706 2607 1012 2694 singuliS,
1083 2607 1167 2675 ad
1227 2627 1400 2693 quos
1450 2610 1770 2694 provisi0,
1842 2610 2099 2689 electio,
2171 2609 2546 2696 postulacio
2595 2609 2700 2676 vel
2749 2608 2985 2695 quevis
3034 2607 3162 2674 alia

179 2716 620 2803 predictarum
700 2715 1127 2782 ecclesiarum
1201 2714 1568 2801 disposicio
1639 2716 1803 2783 alias
1876 2717 2308 2804 pertineret,³)
2380 2734 2463 2783 ne
2525 2716 2609 2783 ad
2682 2716 3160 2802 provisionem,

178 2824 600 2901 electionem,
683 2821 1215 2908 postulacionem
1295 2822 1398 2888 vel
1485 2823 1681 2889 aliam
1772 2822 2300 2909 disposicionem
2381 2823 2637 2890 illarum
2729 2822 3163 2909 procederent

179 2932 427 3016 quovis
498 2929 703 2997 modo
775 2947 851 2996 ac
919 2928 1350 2996 decernentes
1418 2931 1664 2996 irritum
1728 2935 1791 2997 et
1854 2932 2073 3011 inane,
2136 2932 2192 2998 si
2242 2949 2435 2998 secus
2485 2950 2522 2997 a
2571 2947 3164 3017 quoquam-super

180 3039 312 3104 hiis
360 3037 600 3122 quavis
648 3036 1035 3103 auctoritate
1084 3037 1367 3104 scienter
1413 3038 1518 3104 vel
1590 3039 1976 3123 ignoranter
2018 3038 2435 3123 contigerit4)
2486 3037 2879 3123 attemptari.
2988 3035 3160 3103 Cum

180 3148 404 3211 autem
442 3144 640 3210 instet
672 3143 829 3209 finis
855 3142 1011 3210 dicti
1046 3144 1299 3210 biennii
1328 3162 1591 3230 nosque
1618 3145 1903 3210 velimus
1930 3145 2185 3211 eisdem
2215 3143 2462 3211 inducti
2498 3143 3161 3211 consideracionibus

182 3269 389 3337 super
434 3249 748 3337 predictis
797 3250 1067 3316 ulterius
1117 3254 1388 3335 paterne
1438 3250 1884 3317 solicitudinis
1934 3250 2158 3317 studio
2208 3251 2576 3336 providere,
2634 3251 3160 3318 reservacionem

181 3358 545 3445 predictam
627 3356 709 3422 ad
789 3356 963 3424 duos
1048 3375 1266 3424 annos
1345 3358 1704 3424 continuos
1788 3377 1825 3424 a
1908 3358 2043 3425 fine
2128 3357 2282 3425 dicti
2367 3358 2622 3424 biennii
2708 3357 3162 3424 numerandos

181 3465 570 3533 auctoritate
631 3464 1047 3550 presencium
1121 3482 1592 3551 prorogamus,
1664 3465 1969 3531 volentes
2040 3468 2104 3531 et
2153 3464 2584 3532 decernentes
2635 3466 3160 3532 reservacionem

183 3574 477 3639 nostram
528 3589 743 3656 usque
806 3570 889 3637 ad
968 3571 1311 3638 biennium
1382 3572 1551 3637 sicut
1629 3571 2026 3657 premittitur
2103 3574 2526 3657 prorogatam
2576 3571 2660 3638 ad
2711 3570 3042 3639 seculares
3099 3575 3164 3638 et

185 3680 522 3764 regulares
587 3681 721 3744 tam
770 3678 1191 3745 cathedrales
1240 3697 1440 3763 quam
1491 3678 1871 3745 abbaciales
1919 3681 1983 3744 et
2045 3678 2207 3744 alias
2266 3696 2726 3763 quascumque
2775 3678 3162 3763 collegiatas

183 3788 603 3872 preterquam
660 3784 990 3851 moniales
1048 3788 1112 3851 et
1169 3785 1442 3851 aliarum
1499 3785 1959 3870 religiosarum
2017 3785 2370 3851 mulierum
2430 3785 2766 3864 ecclesiaS,
2817 3787 3161 3870 exemptas

182 3897 247 3959 et
312 3910 450 3959 non
510 3895 878 3977 exemptaS,
938 3892 1289 3977 quibusvis
1337 3891 1911 3958 declaracionibus
1974 3891 2221 3958 nostris
2277 3910 2479 3978 super
2539 3892 2667 3959 hoc
2729 3892 2917 3959 factis
2997 3892 3161 3958 alias

185 4018 322 4066 non
374 3999 800 4067 obstantibus
850 3998 1358 4065 extendendam.
1454 3998 1633 4065 Nulli
1683 4017 1842 4084 ergo
1894 4001 2014 4065 etc.

398 4141 547 4208 Dat.
594 4140 929 4209 Avinione
975 4142 1078 4208 Vl.
1128 4143 1254 4208 kal.
1303 4140 1551 4227 Aprilis
1599 4160 1657 4208 a.
1709 4159 1916 4208 nono.

402 4284 558 4350 ltem
608 4284 1114 4374 eodem-modo
1165 4284 1230 4350 in
1280 4284 1542 4351 civitate
1591 4287 1654 4349 et
1716 4271 1887 4350 dioc.
1954 4302 2029 4350 ac
2091 4284 2432 4369 provincia
2488 4283 2886 4369 Aquilegen.

876 4380 881 4386 ’
2492 4390 2947 4457 Mediolanen.

2488 4496 2709 4563 Pisan.

2485 4603 2769 4670 Januen.

2492 4710 2782 4778 Graden.

317 5066 362 5133 ι)
401 5080 463 5119 ac
499 5095 570 5104 —
607 5064 735 5137 Reg.
775 5066 894 5121 Vat.

312 5153 363 5225 ²)
399 5155 452 5208 et
488 5183 558 5192 —-
595 5154 813 5210 ibidem.

312 5242 362 5312 ⁸)
399 5245 726 5312 pertinerent
760 5273 831 5282 —-
869 5243 1088 5298 ibidem.

311 5332 362 5400 ⁴)
398 5333 731 5405 contingeret
773 5363 834 5370 —
876 5331 1097 5387 ibidem.
