<?xml version="1.0" encoding="UTF-8"?>
<!DOCTYPE html PUBLIC "-//W3C//DTD XHTML 1.0 Transitional//EN"
    "http://www.w3.org/TR/xhtml1/DTD/xhtml1-transitional.dtd">
<html xmlns="http://www.w3.org/1999/xhtml" xml:lang="en" lang="en">
 <head>
  <title>
</title>
<meta http-equiv="Content-Type" content="text/html;charset=utf-8" />
  <meta name='ocr-system' content='tesseract 3.04.00' />
  <meta name='ocr-capabilities' content='ocr_page ocr_carea ocr_par ocr_line ocrx_word'/>
</head>
<body>
  <div class='ocr_page' id='page_1' title='image "./constitutionuma01luxgoog_0015.png"; bbox 0 0 3688 5825; ppageno 0'>
   <div class='ocr_carea' id='block_1_1' title="bbox 1713 319 1751 377">
    <p class='ocr_par' dir='ltr' id='par_1_1' title="bbox 1713 319 1751 377">
     <span class='ocr_line' id='line_1_1' title="bbox 1713 319 1751 377; baseline 0 0"><span class='ocrx_word' id='word_1_1' title='bbox 1713 319 1751 377; x_wconf 82' lang='lat'>5</span> 
     </span>
    </p>
   </div>
   <div class='ocr_carea' id='block_1_2' title="bbox 1522 404 1942 411">
    <p class='ocr_par' dir='ltr' id='par_1_2' title="bbox 1522 404 1942 411">
     <span class='ocr_line' id='line_1_2' title="bbox 1522 404 1942 411; baseline 0 5414"><span class='ocrx_word' id='word_1_2' title='bbox 1522 404 1942 411; x_wconf 95' lang='lat' dir='ltr'> </span> 
     </span>
    </p>
   </div>
   <div class='ocr_carea' id='block_1_3' title="bbox 232 520 3280 2536">
    <p class='ocr_par' dir='ltr' id='par_1_3' title="bbox 236 520 3220 826">
     <span class='ocr_line' id='line_1_3' title="bbox 237 520 3220 612; baseline -0.003 -18"><span class='ocrx_word' id='word_1_3' title='bbox 237 527 669 594; x_wconf 91' lang='lat' dir='ltr'>collationem</span> <span class='ocrx_word' id='word_1_4' title='bbox 739 526 1129 593; x_wconf 90' lang='lat' dir='ltr'>canonicam</span> <span class='ocrx_word' id='word_1_5' title='bbox 1203 544 1556 612; x_wconf 90' lang='lat' dir='ltr'>supremus</span> <span class='ocrx_word' id='word_1_6' title='bbox 1604 526 1881 593; x_wconf 85' lang='lat' dir='ltr'>collator</span> <span class='ocrx_word' id='word_1_7' title='bbox 1929 526 1967 591; x_wconf 92' lang='lat' dir='ltr'>i.</span> <span class='ocrx_word' id='word_1_8' title='bbox 2017 544 2074 590; x_wconf 92' lang='lat' dir='ltr'>e.</span> <span class='ocrx_word' id='word_1_9' title='bbox 2170 522 2511 596; x_wconf 83' lang='lat' dir='ltr'>Romanus</span> <span class='ocrx_word' id='word_1_10' title='bbox 2559 520 2864 588; x_wconf 87' lang='lat' dir='ltr'>Pontifex</span> <span class='ocrx_word' id='word_1_11' title='bbox 2936 521 3220 587; x_wconf 85' lang='lat' dir='ltr'>exclusis</span> 
     </span>
     <span class='ocr_line' id='line_1_4' title="bbox 236 628 3218 715; baseline -0.002 -15"><span class='ocrx_word' id='word_1_12' title='bbox 236 635 560 701; x_wconf 92' lang='lat' dir='ltr'>omnibus</span> <span class='ocrx_word' id='word_1_13' title='bbox 609 633 1031 700; x_wconf 89' lang='lat' dir='ltr'>inferioribus</span> <span class='ocrx_word' id='word_1_14' title='bbox 1079 635 1507 700; x_wconf 84' lang='lat' dir='ltr'>collatoribus</span> <span class='ocrx_word' id='word_1_15' title='bbox 1555 634 1719 700; x_wconf 83' lang='lat' dir='ltr'>forte</span> <span class='ocrx_word' id='word_1_16' title='bbox 1769 632 2314 700; x_wconf 85' lang='lat' dir='ltr'>concurrentibus</span> <span class='ocrx_word' id='word_1_17' title='bbox 2365 630 2627 715; x_wconf 90' lang='lat' dir='ltr'>propria</span> <span class='ocrx_word' id='word_1_18' title='bbox 2673 630 3057 695; x_wconf 89' lang='lat' dir='ltr'>auctoritate</span> <span class='ocrx_word' id='word_1_19' title='bbox 3092 628 3218 695; x_wconf 90' lang='lat' dir='ltr'>sibi</span> 
     </span>
     <span class='ocr_line' id='line_1_5' title="bbox 236 741 1687 826; baseline -0.001 -20"><span class='ocrx_word' id='word_1_20' title='bbox 236 741 558 826; x_wconf 91' lang='lat' dir='ltr'>avocat.¹)</span> <span class='ocrx_word' id='word_1_21' title='bbox 1683 786 1687 791; x_wconf 79' lang='lat'>·</span> 
     </span>
    </p>

    <p class='ocr_par' dir='ltr' id='par_1_4' title="bbox 232 842 3280 2536">
     <span class='ocr_line' id='line_1_6' title="bbox 452 842 3220 934; baseline -0.002 -21"><span class='ocrx_word' id='word_1_22' title='bbox 452 847 589 928; x_wconf 88' lang='lat' dir='ltr'>Qui</span> <span class='ocrx_word' id='word_1_23' title='bbox 662 866 1016 934; x_wconf 90' lang='lat' dir='ltr'>supremus</span> <span class='ocrx_word' id='word_1_24' title='bbox 1088 846 1442 934; x_wconf 82' lang='lat' dir='ltr'>collator‚²)</span> <span class='ocrx_word' id='word_1_25' title='bbox 1513 848 1595 913; x_wconf 93' lang='lat' dir='ltr'>ad</span> <span class='ocrx_word' id='word_1_26' title='bbox 1657 865 1858 932; x_wconf 92' lang='lat' dir='ltr'>quem</span> <span class='ocrx_word' id='word_1_27' title='bbox 1929 845 2221 931; x_wconf 93' lang='lat' dir='ltr'>plenaria</span> <span class='ocrx_word' id='word_1_28' title='bbox 2292 844 2375 911; x_wconf 91' lang='lat' dir='ltr'>de</span> <span class='ocrx_word' id='word_1_29' title='bbox 2423 845 2740 910; x_wconf 89' lang='lat' dir='ltr'>omnibus</span> <span class='ocrx_word' id='word_1_30' title='bbox 2788 844 2991 909; x_wconf 92' lang='lat' dir='ltr'>totius</span> <span class='ocrx_word' id='word_1_31' title='bbox 3040 842 3220 909; x_wconf 90' lang='lat' dir='ltr'>orbis</span> 
     </span>
     <span class='ocr_line' id='line_1_7' title="bbox 234 949 3220 1040; baseline -0.002 -20"><span class='ocrx_word' id='word_1_32' title='bbox 234 955 589 1021; x_wconf 87' lang='lat' dir='ltr'>beneficiis</span> <span class='ocrx_word' id='word_1_33' title='bbox 638 955 1103 1021; x_wconf 91' lang='lat' dir='ltr'>ecclesiasticis</span> <span class='ocrx_word' id='word_1_34' title='bbox 1137 955 1496 1040; x_wconf 89' lang='lat' dir='ltr'>dispositio</span> <span class='ocrx_word' id='word_1_35' title='bbox 1534 955 1670 1019; x_wconf 93' lang='lat' dir='ltr'>iure</span> <span class='ocrx_word' id='word_1_36' title='bbox 1705 955 1930 1019; x_wconf 87' lang='lat' dir='ltr'>nativo</span> <span class='ocrx_word' id='word_1_37' title='bbox 1967 953 2267 1038; x_wconf 83' lang='lat' dir='ltr'>pertinet,</span> <span class='ocrx_word' id='word_1_38' title='bbox 2315 956 2487 1017; x_wconf 91' lang='lat' dir='ltr'>certe</span> <span class='ocrx_word' id='word_1_39' title='bbox 2522 969 2696 1017; x_wconf 89' lang='lat' dir='ltr'>unus</span> <span class='ocrx_word' id='word_1_40' title='bbox 2744 953 2846 1017; x_wconf 86' lang='lat' dir='ltr'>est</span> <span class='ocrx_word' id='word_1_41' title='bbox 2879 949 3220 1023; x_wconf 84' lang='lat' dir='ltr'>Romanus</span> 
     </span>
     <span class='ocr_line' id='line_1_8' title="bbox 235 1057 3217 1147; baseline -0.002 -21"><span class='ocrx_word' id='word_1_42' title='bbox 235 1061 569 1138; x_wconf 89' lang='lat' dir='ltr'>Pontifex,</span> <span class='ocrx_word' id='word_1_43' title='bbox 652 1062 763 1147; x_wconf 93' lang='lat' dir='ltr'>qui</span> <span class='ocrx_word' id='word_1_44' title='bbox 839 1062 1257 1147; x_wconf 90' lang='lat' dir='ltr'>amplissima</span> <span class='ocrx_word' id='word_1_45' title='bbox 1335 1080 1411 1128; x_wconf 92' lang='lat' dir='ltr'>ac</span> <span class='ocrx_word' id='word_1_46' title='bbox 1472 1061 1675 1128; x_wconf 91' lang='lat' dir='ltr'>libera</span> <span class='ocrx_word' id='word_1_47' title='bbox 1755 1079 1875 1126; x_wconf 91' lang='lat' dir='ltr'>sua</span> <span class='ocrx_word' id='word_1_48' title='bbox 1940 1062 2267 1145; x_wconf 87' lang='lat' dir='ltr'>potestate</span> <span class='ocrx_word' id='word_1_49' title='bbox 2338 1059 2415 1124; x_wconf 94' lang='lat' dir='ltr'>vi</span> <span class='ocrx_word' id='word_1_50' title='bbox 2488 1059 2901 1143; x_wconf 91' lang='lat' dir='ltr'>primatus</span> <span class='ocrx_word' id='word_1_51' title='bbox 2963 1057 3217 1122; x_wconf 89' lang='lat' dir='ltr'>iuris·</span> 
     </span>
     <span class='ocr_line' id='line_1_9' title="bbox 235 1163 3220 1249; baseline -0.002 -16"><span class='ocrx_word' id='word_1_52' title='bbox 235 1168 663 1235; x_wconf 92' lang='lat' dir='ltr'>dictionis</span> <span class='ocrx_word' id='word_1_53' title='bbox 735 1169 935 1234; x_wconf 93' lang='lat' dir='ltr'>utitur</span> <span class='ocrx_word' id='word_1_54' title='bbox 981 1187 1117 1235; x_wconf 90' lang='lat' dir='ltr'>non</span> <span class='ocrx_word' id='word_1_55' title='bbox 1168 1187 1324 1234; x_wconf 89' lang='lat' dir='ltr'>vero</span> <span class='ocrx_word' id='word_1_56' title='bbox 1373 1169 1437 1234; x_wconf 92' lang='lat' dir='ltr'>vi</span> <span class='ocrx_word' id='word_1_57' title='bbox 1485 1168 1765 1234; x_wconf 90' lang='lat' dir='ltr'>alicuius</span> <span class='ocrx_word' id='word_1_58' title='bbox 1813 1167 1975 1233; x_wconf 92' lang='lat' dir='ltr'>iuris</span> <span class='ocrx_word' id='word_1_59' title='bbox 2045 1165 2841 1242; x_wconf 85' lang='lat' dir='ltr'>consuetudinarii,</span> <span class='ocrx_word' id='word_1_60' title='bbox 2913 1163 3220 1249; x_wconf 90' lang='lat' dir='ltr'>quamvis</span> 
     </span>
     <span class='ocr_line' id='line_1_10' title="bbox 239 1270 3217 1361; baseline -0.002 -20"><span class='ocrx_word' id='word_1_61' title='bbox 239 1274 324 1341; x_wconf 96' lang='lat' dir='ltr'>ad</span> <span class='ocrx_word' id='word_1_62' title='bbox 378 1273 542 1341; x_wconf 91' lang='lat' dir='ltr'>illud</span> <span class='ocrx_word' id='word_1_63' title='bbox 606 1275 770 1341; x_wconf 92' lang='lat' dir='ltr'>forte</span> <span class='ocrx_word' id='word_1_64' title='bbox 820 1276 922 1341; x_wconf 94' lang='lat' dir='ltr'>vel</span> <span class='ocrx_word' id='word_1_65' title='bbox 975 1276 1103 1361; x_wconf 93' lang='lat' dir='ltr'>ipsi</span> <span class='ocrx_word' id='word_1_66' title='bbox 1153 1275 1435 1348; x_wconf 80' lang='lat' dir='ltr'>Romani</span> <span class='ocrx_word' id='word_1_67' title='bbox 1486 1274 1844 1341; x_wconf 78' lang='lat' dir='ltr'>Pontifices</span> <span class='ocrx_word' id='word_1_68' title='bbox 1896 1275 2088 1359; x_wconf 91' lang='lat' dir='ltr'>quasi</span> <span class='ocrx_word' id='word_1_69' title='bbox 2138 1273 2220 1339; x_wconf 93' lang='lat' dir='ltr'>ad</span> <span class='ocrx_word' id='word_1_70' title='bbox 2292 1273 2545 1339; x_wconf 90' lang='lat' dir='ltr'>fontem</span> <span class='ocrx_word' id='word_1_71' title='bbox 2619 1270 3217 1338; x_wconf 90' lang='lat' dir='ltr'>secundarium</span> 
     </span>
     <span class='ocr_line' id='line_1_11' title="bbox 234 1378 3217 1467; baseline -0.001 -21"><span class='ocrx_word' id='word_1_72' title='bbox 234 1379 648 1467; x_wconf 79' lang='lat' dir='ltr'>recurrant.³)</span> <span class='ocrx_word' id='word_1_73' title='bbox 742 1381 868 1448; x_wconf 93' lang='lat' dir='ltr'>Cui</span> <span class='ocrx_word' id='word_1_74' title='bbox 930 1382 1100 1448; x_wconf 89' lang='lat' dir='ltr'>thesi</span> <span class='ocrx_word' id='word_1_75' title='bbox 1163 1385 1418 1449; x_wconf 91' lang='lat' dir='ltr'>tantum</span> <span class='ocrx_word' id='word_1_76' title='bbox 1469 1381 1844 1467; x_wconf 79' lang='lat' dir='ltr'>perfectam,</span> <span class='ocrx_word' id='word_1_77' title='bbox 1913 1381 2336 1466; x_wconf 88' lang='lat' dir='ltr'>inaequalem</span> <span class='ocrx_word' id='word_1_78' title='bbox 2401 1397 2665 1445; x_wconf 92' lang='lat' dir='ltr'>necnon</span> <span class='ocrx_word' id='word_1_79' title='bbox 2730 1378 3217 1444; x_wconf 91' lang='lat' dir='ltr'>monarchicam</span> 
     </span>
     <span class='ocr_line' id='line_1_12' title="bbox 233 1484 3217 1572; baseline -0.002 -17"><span class='ocrx_word' id='word_1_80' title='bbox 233 1489 786 1555; x_wconf 90' lang='lat' dir='ltr'>constitutionem</span> <span class='ocrx_word' id='word_1_81' title='bbox 815 1489 1148 1555; x_wconf 88' lang='lat' dir='ltr'>Ecclesiae</span> <span class='ocrx_word' id='word_1_82' title='bbox 1176 1488 1560 1556; x_wconf 89' lang='lat' dir='ltr'>Catholicae</span> <span class='ocrx_word' id='word_1_83' title='bbox 1596 1490 1922 1572; x_wconf 88' lang='lat' dir='ltr'>negantes</span> <span class='ocrx_word' id='word_1_84' title='bbox 1966 1488 2300 1553; x_wconf 89' lang='lat' dir='ltr'>incassum</span> <span class='ocrx_word' id='word_1_85' title='bbox 2335 1487 2707 1571; x_wconf 82' lang='lat' dir='ltr'>frustraque</span> <span class='ocrx_word' id='word_1_86' title='bbox 2740 1484 3217 1551; x_wconf 90' lang='lat' dir='ltr'>contradicunt.</span> 
     </span>
     <span class='ocr_line' id='line_1_13' title="bbox 235 1590 3218 1681; baseline -0.002 -21"><span class='ocrx_word' id='word_1_87' title='bbox 235 1594 332 1660; x_wconf 87' lang='lat' dir='ltr'>Ex</span> <span class='ocrx_word' id='word_1_88' title='bbox 383 1599 620 1661; x_wconf 93' lang='lat' dir='ltr'>natura</span> <span class='ocrx_word' id='word_1_89' title='bbox 669 1596 848 1662; x_wconf 91' lang='lat' dir='ltr'>enim</span> <span class='ocrx_word' id='word_1_90' title='bbox 900 1596 1113 1680; x_wconf 91' lang='lat' dir='ltr'>ipsius</span> <span class='ocrx_word' id='word_1_91' title='bbox 1162 1596 1483 1681; x_wconf 90' lang='lat' dir='ltr'>primatus</span> <span class='ocrx_word' id='word_1_92' title='bbox 1542 1613 1853 1681; x_wconf 91' lang='lat' dir='ltr'>suprema</span> <span class='ocrx_word' id='word_1_93' title='bbox 1903 1596 1967 1659; x_wconf 90' lang='lat' dir='ltr'>et</span> <span class='ocrx_word' id='word_1_94' title='bbox 2017 1596 2214 1679; x_wconf 91' lang='lat' dir='ltr'>plena</span> <span class='ocrx_word' id='word_1_95' title='bbox 2263 1593 2346 1659; x_wconf 94' lang='lat' dir='ltr'>de</span> <span class='ocrx_word' id='word_1_96' title='bbox 2398 1593 2740 1660; x_wconf 88' lang='lat' dir='ltr'>beneficiis</span> <span class='ocrx_word' id='word_1_97' title='bbox 2788 1592 2928 1658; x_wconf 92' lang='lat' dir='ltr'>sive</span> <span class='ocrx_word' id='word_1_98' title='bbox 2978 1590 3218 1657; x_wconf 90' lang='lat' dir='ltr'>officiis</span> 
     </span>
     <span class='ocr_line' id='line_1_14' title="bbox 238 1699 3280 1787; baseline -0.001 -19"><span class='ocrx_word' id='word_1_99' title='bbox 238 1703 710 1769; x_wconf 88' lang='lat' dir='ltr'>ecclesiasticis</span> <span class='ocrx_word' id='word_1_100' title='bbox 771 1702 1128 1787; x_wconf 89' lang='lat' dir='ltr'>dispositio</span> <span class='ocrx_word' id='word_1_101' title='bbox 1193 1704 1259 1768; x_wconf 92' lang='lat' dir='ltr'>in</span> <span class='ocrx_word' id='word_1_102' title='bbox 1294 1702 1587 1769; x_wconf 87' lang='lat' dir='ltr'>Ecclesia</span> <span class='ocrx_word' id='word_1_103' title='bbox 1620 1700 1965 1768; x_wconf 90' lang='lat' dir='ltr'>Catholica</span> <span class='ocrx_word' id='word_1_104' title='bbox 2024 1702 2169 1767; x_wconf 93' lang='lat' dir='ltr'>sine</span> <span class='ocrx_word' id='word_1_105' title='bbox 2226 1701 2433 1767; x_wconf 96' lang='lat' dir='ltr'>dubio</span> <span class='ocrx_word' id='word_1_106' title='bbox 2483 1699 2726 1765; x_wconf 91' lang='lat' dir='ltr'>residet</span> <span class='ocrx_word' id='word_1_107' title='bbox 2779 1699 2843 1764; x_wconf 90' lang='lat' dir='ltr'>in</span> <span class='ocrx_word' id='word_1_108' title='bbox 2904 1716 3216 1783; x_wconf 90' lang='lat' dir='ltr'>supremo</span> <span class='ocrx_word' id='word_1_109' title='bbox 3270 1754 3280 1764; x_wconf 92' lang='lat'>.</span> 
     </span>
     <span class='ocr_line' id='line_1_15' title="bbox 236 1805 3217 1894; baseline -0.002 -19"><span class='ocrx_word' id='word_1_110' title='bbox 236 1812 505 1893; x_wconf 89' lang='lat' dir='ltr'>pastore</span> <span class='ocrx_word' id='word_1_111' title='bbox 556 1809 595 1874; x_wconf 94' lang='lat' dir='ltr'>i.</span> <span class='ocrx_word' id='word_1_112' title='bbox 647 1827 705 1875; x_wconf 92' lang='lat' dir='ltr'>e.</span> <span class='ocrx_word' id='word_1_113' title='bbox 759 1810 825 1875; x_wconf 92' lang='lat' dir='ltr'>in</span> <span class='ocrx_word' id='word_1_114' title='bbox 879 1809 1185 1882; x_wconf 80' lang='lat' dir='ltr'>Romano</span> <span class='ocrx_word' id='word_1_115' title='bbox 1235 1809 1580 1875; x_wconf 86' lang='lat' dir='ltr'>Pontifice.</span> <span class='ocrx_word' id='word_1_116' title='bbox 1676 1808 1745 1875; x_wconf 93' lang='lat' dir='ltr'>Si</span> <span class='ocrx_word' id='word_1_117' title='bbox 1797 1826 1956 1893; x_wconf 95' lang='lat' dir='ltr'>ergo</span> <span class='ocrx_word' id='word_1_118' title='bbox 2017 1809 2166 1894; x_wconf 94' lang='lat' dir='ltr'>quis</span> <span class='ocrx_word' id='word_1_119' title='bbox 2238 1808 2329 1873; x_wconf 93' lang='lat' dir='ltr'>uti</span> <span class='ocrx_word' id='word_1_120' title='bbox 2402 1805 2824 1891; x_wconf 77' lang='lat' dir='ltr'>Hinschius4)</span> <span class='ocrx_word' id='word_1_121' title='bbox 2896 1824 2974 1871; x_wconf 90' lang='lat' dir='ltr'>ex</span> <span class='ocrx_word' id='word_1_122' title='bbox 3030 1805 3217 1871; x_wconf 90' lang='lat' dir='ltr'>factis</span> 
     </span>
     <span class='ocr_line' id='line_1_16' title="bbox 237 1912 3215 2001; baseline -0.002 -20"><span class='ocrx_word' id='word_1_123' title='bbox 237 1934 415 1982; x_wconf 92' lang='lat' dir='ltr'>mere</span> <span class='ocrx_word' id='word_1_124' title='bbox 469 1915 901 1982; x_wconf 88' lang='lat' dir='ltr'>historicis</span> <span class='ocrx_word' id='word_1_125' title='bbox 952 1917 1054 1982; x_wconf 90' lang='lat' dir='ltr'>ius</span> <span class='ocrx_word' id='word_1_126' title='bbox 1091 1916 1456 2001; x_wconf 90' lang='lat' dir='ltr'>plenarium</span> <span class='ocrx_word' id='word_1_127' title='bbox 1494 1915 1776 1988; x_wconf 84' lang='lat' dir='ltr'>Romani</span> <span class='ocrx_word' id='word_1_128' title='bbox 1811 1914 2157 1981; x_wconf 92' lang='lat' dir='ltr'>Pontificis</span> <span class='ocrx_word' id='word_1_129' title='bbox 2204 1915 2369 1980; x_wconf 91' lang='lat' dir='ltr'>circa</span> <span class='ocrx_word' id='word_1_130' title='bbox 2416 1914 2689 1979; x_wconf 90' lang='lat' dir='ltr'>liberam</span> <span class='ocrx_word' id='word_1_131' title='bbox 2740 1912 3215 1979; x_wconf 90' lang='lat' dir='ltr'>beneficiorum</span> 
     </span>
     <span class='ocr_line' id='line_1_17' title="bbox 233 2020 3214 2100; baseline -0.002 -12"><span class='ocrx_word' id='word_1_132' title='bbox 233 2024 669 2089; x_wconf 92' lang='lat' dir='ltr'>collationem</span> <span class='ocrx_word' id='word_1_133' title='bbox 720 2041 803 2089; x_wconf 91' lang='lat' dir='ltr'>eo</span> <span class='ocrx_word' id='word_1_134' title='bbox 853 2023 1059 2089; x_wconf 90' lang='lat' dir='ltr'>modo</span> <span class='ocrx_word' id='word_1_135' title='bbox 1095 2023 1421 2089; x_wconf 90' lang='lat' dir='ltr'>deducere</span> <span class='ocrx_word' id='word_1_136' title='bbox 1465 2023 1704 2100; x_wconf 92' lang='lat' dir='ltr'>studet,</span> <span class='ocrx_word' id='word_1_137' title='bbox 1757 2025 1826 2087; x_wconf 98' lang='lat' dir='ltr'>ut</span> <span class='ocrx_word' id='word_1_138' title='bbox 1876 2023 2005 2088; x_wconf 91' lang='lat' dir='ltr'>ius</span> <span class='ocrx_word' id='word_1_139' title='bbox 2052 2020 2912 2087; x_wconf 89' lang='lat' dir='ltr'>consuetudinarium</span> <span class='ocrx_word' id='word_1_140' title='bbox 2961 2021 3214 2084; x_wconf 90' lang='lat' dir='ltr'>tantum</span> 
     </span>
     <span class='ocr_line' id='line_1_18' title="bbox 233 2125 3214 2216; baseline -0.002 -21"><span class='ocrx_word' id='word_1_141' title='bbox 233 2130 311 2196; x_wconf 91' lang='lat' dir='ltr'>fo</span> <span class='ocrx_word' id='word_1_142' title='bbox 330 2133 471 2196; x_wconf 90' lang='lat' dir='ltr'>nte</span> <span class='ocrx_word' id='word_1_143' title='bbox 491 2149 557 2195; x_wconf 92' lang='lat' dir='ltr'>m</span> <span class='ocrx_word' id='word_1_144' title='bbox 585 2133 906 2215; x_wconf 91' lang='lat' dir='ltr'>agnoscat</span> <span class='ocrx_word' id='word_1_145' title='bbox 932 2149 974 2216; x_wconf 94' lang='lat' dir='ltr'>p</span> <span class='ocrx_word' id='word_1_146' title='bbox 993 2131 1139 2196; x_wconf 90' lang='lat' dir='ltr'>rim</span> <span class='ocrx_word' id='word_1_147' title='bbox 1159 2131 1276 2196; x_wconf 91' lang='lat' dir='ltr'>ari</span> <span class='ocrx_word' id='word_1_148' title='bbox 1298 2149 1338 2195; x_wconf 96' lang='lat' dir='ltr'>u</span> <span class='ocrx_word' id='word_1_149' title='bbox 1364 2148 1427 2194; x_wconf 91' lang='lat' dir='ltr'>m</span> <span class='ocrx_word' id='word_1_150' title='bbox 1448 2181 1463 2207; x_wconf 92' lang='lat'>,</span> <span class='ocrx_word' id='word_1_151' title='bbox 1492 2148 1572 2195; x_wconf 87' lang='lat' dir='ltr'>ex</span> <span class='ocrx_word' id='word_1_152' title='bbox 1599 2147 1735 2214; x_wconf 93' lang='lat' dir='ltr'>quo</span> <span class='ocrx_word' id='word_1_153' title='bbox 1763 2130 1909 2213; x_wconf 92' lang='lat' dir='ltr'>ipsa</span> <span class='ocrx_word' id='word_1_154' title='bbox 1938 2129 2075 2194; x_wconf 93' lang='lat' dir='ltr'>iura</span> <span class='ocrx_word' id='word_1_155' title='bbox 2100 2129 2420 2213; x_wconf 92' lang='lat' dir='ltr'>primatus</span> <span class='ocrx_word' id='word_1_156' title='bbox 2445 2126 2801 2212; x_wconf 90' lang='lat' dir='ltr'>profluunt,</span> <span class='ocrx_word' id='word_1_157' title='bbox 2825 2129 2995 2192; x_wconf 92' lang='lat' dir='ltr'>certe</span> <span class='ocrx_word' id='word_1_158' title='bbox 3017 2125 3214 2191; x_wconf 91' lang='lat' dir='ltr'>etiam</span> 
     </span>
     <span class='ocr_line' id='line_1_19' title="bbox 233 2233 3214 2321; baseline -0.001 -20"><span class='ocrx_word' id='word_1_159' title='bbox 233 2235 425 2303; x_wconf 91' lang='lat' dir='ltr'>facile</span> <span class='ocrx_word' id='word_1_160' title='bbox 454 2240 519 2302; x_wconf 92' lang='lat' dir='ltr'>et</span> <span class='ocrx_word' id='word_1_161' title='bbox 543 2241 1032 2321; x_wconf 91' lang='lat' dir='ltr'>consequenter</span> <span class='ocrx_word' id='word_1_162' title='bbox 1049 2236 1131 2302; x_wconf 94' lang='lat' dir='ltr'>ad</span> <span class='ocrx_word' id='word_1_163' title='bbox 1152 2236 1520 2302; x_wconf 91' lang='lat' dir='ltr'>secundum</span> <span class='ocrx_word' id='word_1_164' title='bbox 1549 2254 1834 2301; x_wconf 92' lang='lat' dir='ltr'>errorem</span> <span class='ocrx_word' id='word_1_165' title='bbox 1863 2235 2211 2301; x_wconf 91' lang='lat' dir='ltr'>adducitur</span> <span class='ocrx_word' id='word_1_166' title='bbox 2228 2253 2471 2320; x_wconf 90' lang='lat' dir='ltr'>nempe</span> <span class='ocrx_word' id='word_1_167' title='bbox 2489 2234 2572 2300; x_wconf 92' lang='lat' dir='ltr'>ad</span> <span class='ocrx_word' id='word_1_168' title='bbox 2600 2234 2769 2299; x_wconf 93' lang='lat' dir='ltr'>hanc</span> <span class='ocrx_word' id='word_1_169' title='bbox 2796 2233 3214 2307; x_wconf 87' lang='lat' dir='ltr'>sententiam,</span> 
     </span>
     <span class='ocr_line' id='line_1_20' title="bbox 232 2340 3216 2428; baseline -0.002 -18"><span class='ocrx_word' id='word_1_170' title='bbox 232 2343 469 2410; x_wconf 90' lang='lat' dir='ltr'>eadem</span> <span class='ocrx_word' id='word_1_171' title='bbox 531 2344 867 2428; x_wconf 91' lang='lat' dir='ltr'>generalia</span> <span class='ocrx_word' id='word_1_172' title='bbox 917 2345 1055 2409; x_wconf 92' lang='lat' dir='ltr'>iura</span> <span class='ocrx_word' id='word_1_173' title='bbox 1113 2343 1456 2428; x_wconf 89' lang='lat' dir='ltr'>pontificia</span> <span class='ocrx_word' id='word_1_174' title='bbox 1505 2362 1623 2428; x_wconf 93' lang='lat' dir='ltr'>per</span> <span class='ocrx_word' id='word_1_175' title='bbox 1677 2343 2038 2409; x_wconf 90' lang='lat' dir='ltr'>contrarias</span> <span class='ocrx_word' id='word_1_176' title='bbox 2087 2342 2609 2408; x_wconf 90' lang='lat' dir='ltr'>consuetudines</span> <span class='ocrx_word' id='word_1_177' title='bbox 2676 2340 3103 2407; x_wconf 88' lang='lat' dir='ltr'>rationabiles</span> <span class='ocrx_word' id='word_1_178' title='bbox 3152 2342 3216 2404; x_wconf 93' lang='lat' dir='ltr'>et</span> 
     </span>
     <span class='ocr_line' id='line_1_21' title="bbox 232 2447 3213 2536; baseline -0.001 -21"><span class='ocrx_word' id='word_1_179' title='bbox 232 2450 532 2535; x_wconf 87' lang='lat' dir='ltr'>legitime</span> <span class='ocrx_word' id='word_1_180' title='bbox 559 2451 995 2536; x_wconf 89' lang='lat' dir='ltr'>praescriptas</span> <span class='ocrx_word' id='word_1_181' title='bbox 1023 2470 1050 2516; x_wconf 94' lang='lat' dir='ltr'>r</span> <span class='ocrx_word' id='word_1_182' title='bbox 1068 2470 1103 2516; x_wconf 91' lang='lat' dir='ltr'>a</span> <span class='ocrx_word' id='word_1_183' title='bbox 1122 2450 1395 2516; x_wconf 93' lang='lat' dir='ltr'>dicitu</span> <span class='ocrx_word' id='word_1_184' title='bbox 1418 2469 1449 2516; x_wconf 97' lang='lat' dir='ltr'>s</span> <span class='ocrx_word' id='word_1_185' title='bbox 1476 2450 1857 2516; x_wconf 91' lang='lat' dir='ltr'>abolescere</span> <span class='ocrx_word' id='word_1_186' title='bbox 1885 2467 2108 2535; x_wconf 91' lang='lat' dir='ltr'>posse,</span> <span class='ocrx_word' id='word_1_187' title='bbox 2139 2448 2201 2513; x_wconf 98' lang='lat' dir='ltr'>id</span> <span class='ocrx_word' id='word_1_188' title='bbox 2232 2448 2414 2534; x_wconf 95' lang='lat' dir='ltr'>quod</span> <span class='ocrx_word' id='word_1_189' title='bbox 2443 2448 2790 2514; x_wconf 85' lang='lat' dir='ltr'>manifeste</span> <span class='ocrx_word' id='word_1_190' title='bbox 2817 2447 3213 2513; x_wconf 89' lang='lat' dir='ltr'>contrarium</span> 
     </span>
    </p>
   </div>
   <div class='ocr_carea' id='block_1_4' title="bbox 352 2559 668 2567">
    <p class='ocr_par' dir='ltr' id='par_1_5' title="bbox 352 2559 668 2567">
     <span class='ocr_line' id='line_1_22' title="bbox 352 2559 668 2567; baseline 0 0"><span class='ocrx_word' id='word_1_191' title='bbox 352 2559 668 2567; x_wconf 95' lang='lat' dir='ltr'> </span> 
     </span>
    </p>
   </div>
   <div class='ocr_carea' id='block_1_5' title="bbox 228 2587 3216 5424">
    <p class='ocr_par' dir='ltr' id='par_1_6' title="bbox 231 2587 3216 3368">
     <span class='ocr_line' id='line_1_23' title="bbox 354 2587 3216 2659; baseline -0.002 -13"><span class='ocrx_word' id='word_1_192' title='bbox 354 2591 401 2659; x_wconf 74' lang='grc'>1)</span> <span class='ocrx_word' id='word_1_193' title='bbox 443 2591 526 2646; x_wconf 90' lang='lat' dir='ltr'>De</span> <span class='ocrx_word' id='word_1_194' title='bbox 593 2592 899 2646; x_wconf 87' lang='lat' dir='ltr'>discrimine</span> <span class='ocrx_word' id='word_1_195' title='bbox 955 2592 1090 2645; x_wconf 87' lang='lat' dir='ltr'>inter</span> <span class='ocrx_word' id='word_1_196' title='bbox 1146 2594 1564 2646; x_wconf 87' lang='lat' dir='ltr'>reservationem</span> <span class='ocrx_word' id='word_1_197' title='bbox 1630 2594 1683 2645; x_wconf 89' lang='lat' dir='ltr'>et</span> <span class='ocrx_word' id='word_1_198' title='bbox 1750 2606 1950 2645; x_wconf 90' lang='lat' dir='ltr'>meram</span> <span class='ocrx_word' id='word_1_199' title='bbox 2026 2589 2368 2645; x_wconf 86' lang='lat' dir='ltr'>affectionem</span> <span class='ocrx_word' id='word_1_200' title='bbox 2444 2591 2722 2644; x_wconf 88' lang='lat' dir='ltr'>cuiusdam</span> <span class='ocrx_word' id='word_1_201' title='bbox 2798 2587 3048 2642; x_wconf 89' lang='lat' dir='ltr'>beneficii</span> <span class='ocrx_word' id='word_1_202' title='bbox 3121 2602 3216 2656; x_wconf 90' lang='lat' dir='ltr'>per</span> 
     </span>
     <span class='ocr_line' id='line_1_24' title="bbox 231 2676 3211 2749; baseline -0.001 -16"><span class='ocrx_word' id='word_1_203' title='bbox 231 2682 628 2749; x_wconf 89' lang='lat' dir='ltr'>appositionem</span> <span class='ocrx_word' id='word_1_204' title='bbox 689 2695 882 2734; x_wconf 89' lang='lat' dir='ltr'>manus</span> <span class='ocrx_word' id='word_1_205' title='bbox 925 2679 1146 2739; x_wconf 83' lang='lat' dir='ltr'>Romani</span> <span class='ocrx_word' id='word_1_206' title='bbox 1198 2680 1476 2735; x_wconf 89' lang='lat' dir='ltr'>Pontificis</span> <span class='ocrx_word' id='word_1_207' title='bbox 1537 2680 1728 2734; x_wconf 83' lang='lat' dir='ltr'>factam</span> <span class='ocrx_word' id='word_1_208' title='bbox 1805 2679 1869 2734; x_wconf 87' lang='lat' dir='ltr'>cf.</span> <span class='ocrx_word' id='word_1_209' title='bbox 1934 2680 2129 2734; x_wconf 89' lang='lat' dir='ltr'>Wernz</span> <span class='ocrx_word' id='word_1_210' title='bbox 2177 2681 2209 2733; x_wconf 93' lang='lat' dir='ltr'>l.</span> <span class='ocrx_word' id='word_1_211' title='bbox 2264 2695 2307 2734; x_wconf 92' lang='lat' dir='ltr'>c.</span> <span class='ocrx_word' id='word_1_212' title='bbox 2402 2679 2645 2748; x_wconf 87' lang='lat' dir='ltr'>Gasparo</span> <span class='ocrx_word' id='word_1_213' title='bbox 2708 2678 2777 2731; x_wconf 92' lang='lat' dir='ltr'>de</span> <span class='ocrx_word' id='word_1_214' title='bbox 2825 2677 3047 2731; x_wconf 83' lang='lat' dir='ltr'>Petusio</span> <span class='ocrx_word' id='word_1_215' title='bbox 3084 2676 3116 2729; x_wconf 90' lang='lat' dir='ltr'>l.</span> <span class='ocrx_word' id='word_1_216' title='bbox 3169 2691 3211 2729; x_wconf 90' lang='lat' dir='ltr'>c.</span> 
     </span>
     <span class='ocr_line' id='line_1_25' title="bbox 232 2764 3212 2840; baseline -0.001 -18"><span class='ocrx_word' id='word_1_217' title='bbox 232 2785 283 2838; x_wconf 91' lang='lat' dir='ltr'>p.</span> <span class='ocrx_word' id='word_1_218' title='bbox 347 2769 497 2824; x_wconf 74' lang='lat'>131⁰.</span> <span class='ocrx_word' id='word_1_219' title='bbox 573 2768 801 2823; x_wconf 90' lang='lat' dir='ltr'>Carolus</span> <span class='ocrx_word' id='word_1_220' title='bbox 864 2768 1189 2840; x_wconf 86' lang='lat' dir='ltr'>Gagliardus</span> <span class='ocrx_word' id='word_1_221' title='bbox 1237 2769 1269 2823; x_wconf 93' lang='lat'>1.</span> <span class='ocrx_word' id='word_1_222' title='bbox 1319 2785 1362 2823; x_wconf 93' lang='lat' dir='ltr'>c.</span> <span class='ocrx_word' id='word_1_223' title='bbox 1403 2769 1437 2823; x_wconf 91' lang='lat'>1.</span> <span class='ocrx_word' id='word_1_224' title='bbox 1495 2785 1538 2823; x_wconf 92' lang='lat' dir='ltr'>c.</span> <span class='ocrx_word' id='word_1_225' title='bbox 1587 2769 1636 2823; x_wconf 86' lang='lat'>5.</span> <span class='ocrx_word' id='word_1_226' title='bbox 1712 2769 1991 2823; x_wconf 88' lang='lat' dir='ltr'>Praeterea</span> <span class='ocrx_word' id='word_1_227' title='bbox 2055 2771 2108 2823; x_wconf 91' lang='lat' dir='ltr'>in</span> <span class='ocrx_word' id='word_1_228' title='bbox 2171 2770 2411 2839; x_wconf 87' lang='lat' dir='ltr'>registris</span> <span class='ocrx_word' id='word_1_229' title='bbox 2472 2767 2831 2827; x_wconf 83' lang='lat' dir='ltr'>Romanorum</span> <span class='ocrx_word' id='word_1_230' title='bbox 2894 2764 3212 2820; x_wconf 88' lang='lat' dir='ltr'>Pontificum</span> 
     </span>
     <span class='ocr_line' id='line_1_26' title="bbox 233 2854 3214 2928; baseline -0.002 -16"><span class='ocrx_word' id='word_1_231' title='bbox 233 2859 432 2914; x_wconf 87' lang='lat' dir='ltr'>saeculi</span> <span class='ocrx_word' id='word_1_232' title='bbox 462 2858 587 2912; x_wconf 89' lang='lat' dir='ltr'>Xlll.</span> <span class='ocrx_word' id='word_1_233' title='bbox 616 2859 669 2912; x_wconf 87' lang='lat' dir='ltr'>et</span> <span class='ocrx_word' id='word_1_234' title='bbox 696 2857 827 2912; x_wconf 88' lang='lat' dir='ltr'>XIV.</span> <span class='ocrx_word' id='word_1_235' title='bbox 855 2861 946 2912; x_wconf 83' lang='lat' dir='ltr'>vix</span> <span class='ocrx_word' id='word_1_236' title='bbox 972 2858 1133 2912; x_wconf 91' lang='lat' dir='ltr'>ullam</span> <span class='ocrx_word' id='word_1_237' title='bbox 1162 2861 1407 2912; x_wconf 90' lang='lat' dir='ltr'>invenies</span> <span class='ocrx_word' id='word_1_238' title='bbox 1435 2858 1870 2920; x_wconf 81' lang='lat' dir='ltr'>Reservationem</span> <span class='ocrx_word' id='word_1_239' title='bbox 1898 2859 2268 2928; x_wconf 81' lang='lat' dir='ltr'>Apostolicam</span> <span class='ocrx_word' id='word_1_240' title='bbox 2307 2860 2424 2912; x_wconf 91' lang='lat' dir='ltr'>sive</span> <span class='ocrx_word' id='word_1_241' title='bbox 2442 2858 2748 2928; x_wconf 82' lang='lat' dir='ltr'>generalem</span> <span class='ocrx_word' id='word_1_242' title='bbox 2787 2858 2904 2910; x_wconf 88' lang='lat' dir='ltr'>sive</span> <span class='ocrx_word' id='word_1_243' title='bbox 2924 2854 3214 2924; x_wconf 86' lang='lat' dir='ltr'>specialem</span> 
     </span>
     <span class='ocr_line' id='line_1_27' title="bbox 232 2943 3213 3016; baseline -0.002 -15"><span class='ocrx_word' id='word_1_244' title='bbox 232 2950 345 3002; x_wconf 89' lang='lat' dir='ltr'>sine</span> <span class='ocrx_word' id='word_1_245' title='bbox 373 2948 621 3012; x_wconf 85' lang='lat' dir='ltr'>,decreto</span> <span class='ocrx_word' id='word_1_246' title='bbox 643 2949 905 3002; x_wconf 81' lang='lat' dir='ltr'>irritante·</span> <span class='ocrx_word' id='word_1_247' title='bbox 932 2949 1019 3012; x_wconf 87' lang='lat' dir='ltr'>ita,</span> <span class='ocrx_word' id='word_1_248' title='bbox 1041 2949 1099 3001; x_wconf 90' lang='lat' dir='ltr'>ut</span> <span class='ocrx_word' id='word_1_249' title='bbox 1125 2947 1375 3002; x_wconf 89' lang='lat' dir='ltr'>effectu</span> <span class='ocrx_word' id='word_1_250' title='bbox 1403 2948 1686 3002; x_wconf 89' lang='lat' dir='ltr'>iuridico</span> <span class='ocrx_word' id='word_1_251' title='bbox 1713 2964 1904 3002; x_wconf 88' lang='lat' dir='ltr'>omnes</span> <span class='ocrx_word' id='word_1_252' title='bbox 1928 2948 2336 3007; x_wconf 80' lang='lat' dir='ltr'>Reservationes</span> <span class='ocrx_word' id='word_1_253' title='bbox 2349 2946 2694 3016; x_wconf 80' lang='lat' dir='ltr'>Apostolicae</span> <span class='ocrx_word' id='word_1_254' title='bbox 2715 2961 2744 3000; x_wconf 92' lang='lat' dir='ltr'>a</span> <span class='ocrx_word' id='word_1_255' title='bbox 2766 2960 2909 2999; x_wconf 89' lang='lat' dir='ltr'>mera</span> <span class='ocrx_word' id='word_1_256' title='bbox 2928 2943 3213 2998; x_wconf 89' lang='lat' dir='ltr'>affectione</span> 
     </span>
     <span class='ocr_line' id='line_1_28' title="bbox 233 3033 3212 3106; baseline -0.002 -16"><span class='ocrx_word' id='word_1_257' title='bbox 233 3037 379 3091; x_wconf 92' lang='lat' dir='ltr'>nullo</span> <span class='ocrx_word' id='word_1_258' title='bbox 438 3037 603 3091; x_wconf 90' lang='lat' dir='ltr'>modo</span> <span class='ocrx_word' id='word_1_259' title='bbox 661 3036 924 3090; x_wconf 80' lang='lat' dir='ltr'>differant.</span> <span class='ocrx_word' id='word_1_260' title='bbox 1002 3036 1138 3090; x_wconf 91' lang='lat' dir='ltr'>Nam</span> <span class='ocrx_word' id='word_1_261' title='bbox 1195 3036 1529 3106; x_wconf 88' lang='lat' dir='ltr'>temporibus</span> <span class='ocrx_word' id='word_1_262' title='bbox 1585 3038 1871 3091; x_wconf 85' lang='lat' dir='ltr'>antedictis</span> <span class='ocrx_word' id='word_1_263' title='bbox 1929 3040 2031 3091; x_wconf 92' lang='lat' dir='ltr'>iam</span> <span class='ocrx_word' id='word_1_264' title='bbox 2083 3039 2135 3091; x_wconf 92' lang='lat' dir='ltr'>in</span> <span class='ocrx_word' id='word_1_265' title='bbox 2196 3039 2310 3105; x_wconf 90' lang='lat' dir='ltr'>ipsa</span> <span class='ocrx_word' id='word_1_266' title='bbox 2367 3037 2776 3105; x_wconf 90' lang='lat' dir='ltr'>supplicatione,</span> <span class='ocrx_word' id='word_1_267' title='bbox 2835 3037 2886 3088; x_wconf 91' lang='lat' dir='ltr'>in</span> <span class='ocrx_word' id='word_1_268' title='bbox 2944 3033 3212 3088; x_wconf 85' lang='lat' dir='ltr'>audientia</span> 
     </span>
     <span class='ocr_line' id='line_1_29' title="bbox 234 3123 3213 3196; baseline -0.002 -16"><span class='ocrx_word' id='word_1_269' title='bbox 234 3125 458 3180; x_wconf 91' lang='lat' dir='ltr'>Summo</span> <span class='ocrx_word' id='word_1_270' title='bbox 496 3124 740 3180; x_wconf 85' lang='lat' dir='ltr'>Pontifici</span> <span class='ocrx_word' id='word_1_271' title='bbox 781 3127 1121 3195; x_wconf 87' lang='lat' dir='ltr'>porrigenda,</span> <span class='ocrx_word' id='word_1_272' title='bbox 1180 3129 1331 3195; x_wconf 90' lang='lat' dir='ltr'>quasi</span> <span class='ocrx_word' id='word_1_273' title='bbox 1372 3142 1438 3180; x_wconf 90' lang='lat' dir='ltr'>ex</span> <span class='ocrx_word' id='word_1_274' title='bbox 1477 3129 1596 3196; x_wconf 93' lang='lat' dir='ltr'>ipso</span> <span class='ocrx_word' id='word_1_275' title='bbox 1635 3127 1780 3196; x_wconf 87' lang='lat' dir='ltr'>stylo</span> <span class='ocrx_word' id='word_1_276' title='bbox 1819 3125 2014 3180; x_wconf 91' lang='lat' dir='ltr'>Curiae</span> <span class='ocrx_word' id='word_1_277' title='bbox 2051 3128 2169 3180; x_wconf 93' lang='lat' dir='ltr'>sine</span> <span class='ocrx_word' id='word_1_278' title='bbox 2225 3128 2543 3194; x_wconf 84' lang='lat' dir='ltr'>exceptione</span> <span class='ocrx_word' id='word_1_279' title='bbox 2600 3125 2972 3178; x_wconf 89' lang='lat' dir='ltr'>continebatur</span> <span class='ocrx_word' id='word_1_280' title='bbox 3025 3123 3213 3191; x_wconf 87' lang='lat' dir='ltr'>petitio</span> 
     </span>
     <span class='ocr_line' id='line_1_30' title="bbox 234 3213 3215 3284; baseline -0.001 -16"><span class='ocrx_word' id='word_1_281' title='bbox 234 3230 326 3283; x_wconf 91' lang='lat' dir='ltr'>pro</span> <span class='ocrx_word' id='word_1_282' title='bbox 364 3214 617 3269; x_wconf 89' lang='lat' dir='ltr'>addenda</span> <span class='ocrx_word' id='word_1_283' title='bbox 656 3215 893 3269; x_wconf 89' lang='lat' dir='ltr'>clausula</span> <span class='ocrx_word' id='word_1_284' title='bbox 930 3230 1004 3269; x_wconf 90' lang='lat' dir='ltr'>sc.</span> <span class='ocrx_word' id='word_1_285' title='bbox 1051 3231 1202 3278; x_wconf 81' lang='lat' dir='ltr'>„cum</span> <span class='ocrx_word' id='word_1_286' title='bbox 1239 3218 1622 3284; x_wconf 89' lang='lat' dir='ltr'>acceptatione,</span> <span class='ocrx_word' id='word_1_287' title='bbox 1662 3215 1998 3279; x_wconf 88' lang='lat' dir='ltr'>inhibitione,</span> <span class='ocrx_word' id='word_1_288' title='bbox 2026 3214 2242 3269; x_wconf 91' lang='lat' dir='ltr'>decreto</span> <span class='ocrx_word' id='word_1_289' title='bbox 2277 3215 2407 3269; x_wconf 83' lang='lat' dir='ltr'>etc.“</span> <span class='ocrx_word' id='word_1_290' title='bbox 2453 3213 2650 3283; x_wconf 89' lang='lat' dir='ltr'>quibus</span> <span class='ocrx_word' id='word_1_291' title='bbox 2675 3213 2855 3267; x_wconf 87' lang='lat' dir='ltr'>verbis</span> <span class='ocrx_word' id='word_1_292' title='bbox 2882 3213 3215 3266; x_wconf 89' lang='lat' dir='ltr'>insinuantur</span> 
     </span>
     <span class='ocr_line' id='line_1_31' title="bbox 235 3302 3211 3368; baseline -0.001 -12"><span class='ocrx_word' id='word_1_293' title='bbox 235 3304 503 3357; x_wconf 86' lang='lat' dir='ltr'>clausulae</span> <span class='ocrx_word' id='word_1_294' title='bbox 542 3305 804 3357; x_wconf 90' lang='lat' dir='ltr'>irritantes</span> <span class='ocrx_word' id='word_1_295' title='bbox 842 3319 915 3358; x_wconf 90' lang='lat' dir='ltr'>sc.</span> <span class='ocrx_word' id='word_1_296' title='bbox 963 3304 1284 3366; x_wconf 81' lang='lat' dir='ltr'>„districtius</span> <span class='ocrx_word' id='word_1_297' title='bbox 1311 3305 1645 3359; x_wconf 86' lang='lat' dir='ltr'>inhibentes·</span> <span class='ocrx_word' id='word_1_298' title='bbox 1679 3307 1777 3359; x_wconf 90' lang='lat' dir='ltr'>etc.</span> <span class='ocrx_word' id='word_1_299' title='bbox 1817 3306 1871 3358; x_wconf 86' lang='lat' dir='ltr'>et</span> <span class='ocrx_word' id='word_1_300' title='bbox 1916 3305 2298 3368; x_wconf 80' lang='lat' dir='ltr'>„decernentes</span> <span class='ocrx_word' id='word_1_301' title='bbox 2326 3319 2390 3357; x_wconf 85' lang='lat' dir='ltr'>ex</span> <span class='ocrx_word' id='word_1_302' title='bbox 2418 3319 2560 3357; x_wconf 90' lang='lat' dir='ltr'>nunc</span> <span class='ocrx_word' id='word_1_303' title='bbox 2587 3306 2784 3357; x_wconf 89' lang='lat' dir='ltr'>irritum</span> <span class='ocrx_word' id='word_1_304' title='bbox 2813 3304 2867 3355; x_wconf 89' lang='lat' dir='ltr'>et</span> <span class='ocrx_word' id='word_1_305' title='bbox 2893 3304 3080 3355; x_wconf 80' lang='lat' dir='ltr'>inane“</span> <span class='ocrx_word' id='word_1_306' title='bbox 3113 3302 3211 3353; x_wconf 90' lang='lat' dir='ltr'>etc.</span> 
     </span>
    </p>

    <p class='ocr_par' dir='ltr' id='par_1_7' title="bbox 354 3391 2016 3463">
     <span class='ocr_line' id='line_1_32' title="bbox 354 3391 2016 3463; baseline 0.002 -19"><span class='ocrx_word' id='word_1_307' title='bbox 354 3391 399 3460; x_wconf 85' lang='lat'>²)</span> <span class='ocrx_word' id='word_1_308' title='bbox 439 3391 522 3446; x_wconf 87' lang='lat' dir='ltr'>Cf.</span> <span class='ocrx_word' id='word_1_309' title='bbox 564 3393 857 3456; x_wconf 89' lang='lat' dir='ltr'>Laemmer,</span> <span class='ocrx_word' id='word_1_310' title='bbox 896 3393 1007 3447; x_wconf 86' lang='lat' dir='ltr'>lnst</span> <span class='ocrx_word' id='word_1_311' title='bbox 1064 3394 1116 3446; x_wconf 91' lang='lat' dir='ltr'>d.</span> <span class='ocrx_word' id='word_1_312' title='bbox 1156 3393 1311 3450; x_wconf 83' lang='lat' dir='ltr'>Kath.</span> <span class='ocrx_word' id='word_1_313' title='bbox 1353 3392 1764 3451; x_wconf 83' lang='lat' dir='ltr'>Kirchenrechts</span> <span class='ocrx_word' id='word_1_314' title='bbox 1802 3409 1856 3463; x_wconf 91' lang='lat' dir='ltr'>p.</span> <span class='ocrx_word' id='word_1_315' title='bbox 1902 3394 2016 3448; x_wconf 89' lang='grc'><strong>167.</strong></span> 
     </span>
    </p>

    <p class='ocr_par' dir='ltr' id='par_1_8' title="bbox 234 3479 3210 3730">
     <span class='ocr_line' id='line_1_33' title="bbox 443 3479 3210 3552; baseline -0.001 -17"><span class='ocrx_word' id='word_1_316' title='bbox 443 3480 735 3551; x_wconf 88' lang='lat' dir='ltr'>Cavagnis,</span> <span class='ocrx_word' id='word_1_317' title='bbox 788 3482 912 3536; x_wconf 89' lang='lat' dir='ltr'>Inst.</span> <span class='ocrx_word' id='word_1_318' title='bbox 949 3482 1058 3536; x_wconf 83' lang='lat' dir='ltr'>Jur.</span> <span class='ocrx_word' id='word_1_319' title='bbox 1098 3482 1250 3536; x_wconf 89' lang='lat' dir='ltr'>Publ.</span> <span class='ocrx_word' id='word_1_320' title='bbox 1292 3481 1430 3536; x_wconf 90' lang='lat' dir='ltr'>Eccl.</span> <span class='ocrx_word' id='word_1_321' title='bbox 1470 3482 1523 3536; x_wconf 92' lang='lat' dir='ltr'>P.</span> <span class='ocrx_word' id='word_1_322' title='bbox 1570 3482 1626 3536; x_wconf 91' lang='lat'>11.</span> <span class='ocrx_word' id='word_1_323' title='bbox 1677 3498 1727 3536; x_wconf 92' lang='lat' dir='ltr'>n.</span> <span class='ocrx_word' id='word_1_324' title='bbox 1773 3483 1860 3537; x_wconf 89' lang='grc'>31.</span> <span class='ocrx_word' id='word_1_325' title='bbox 1936 3481 2123 3552; x_wconf 90' lang='lat' dir='ltr'>Suppl.</span> <span class='ocrx_word' id='word_1_326' title='bbox 2163 3483 2231 3537; x_wconf 91' lang='lat' dir='ltr'>ad</span> <span class='ocrx_word' id='word_1_327' title='bbox 2269 3482 2699 3542; x_wconf 85' lang='lat' dir='ltr'>Thomassinum.</span> <span class='ocrx_word' id='word_1_328' title='bbox 2759 3480 2927 3534; x_wconf 89' lang='lat' dir='ltr'>Vetus</span> <span class='ocrx_word' id='word_1_329' title='bbox 2965 3481 3019 3534; x_wconf 92' lang='lat' dir='ltr'>et</span> <span class='ocrx_word' id='word_1_330' title='bbox 3057 3479 3210 3533; x_wconf 89' lang='lat' dir='ltr'>Nova</span> 
     </span>
     <span class='ocr_line' id='line_1_34' title="bbox 234 3568 3210 3640; baseline -0.001 -16"><span class='ocrx_word' id='word_1_331' title='bbox 234 3570 503 3624; x_wconf 83' lang='lat' dir='ltr'>Ecclesiae</span> <span class='ocrx_word' id='word_1_332' title='bbox 543 3570 829 3638; x_wconf 90' lang='lat' dir='ltr'>disciplina</span> <span class='ocrx_word' id='word_1_333' title='bbox 868 3586 917 3639; x_wconf 93' lang='lat' dir='ltr'>q.</span> <span class='ocrx_word' id='word_1_334' title='bbox 959 3571 991 3624; x_wconf 93' lang='lat' dir='ltr'>I.</span> <span class='ocrx_word' id='word_1_335' title='bbox 1034 3586 1084 3624; x_wconf 91' lang='lat' dir='ltr'>n.</span> <span class='ocrx_word' id='word_1_336' title='bbox 1130 3571 1209 3625; x_wconf 89' lang='lat'>19.</span> <span class='ocrx_word' id='word_1_337' title='bbox 1286 3570 1583 3625; x_wconf 89' lang='lat' dir='ltr'>Considera</span> <span class='ocrx_word' id='word_1_338' title='bbox 1622 3573 1782 3625; x_wconf 91' lang='lat' dir='ltr'>etiam</span> <span class='ocrx_word' id='word_1_339' title='bbox 1821 3570 1985 3625; x_wconf 84' lang='lat' dir='ltr'>verba</span> <span class='ocrx_word' id='word_1_340' title='bbox 2026 3574 2196 3640; x_wconf 90' lang='lat' dir='ltr'>ipsius</span> <span class='ocrx_word' id='word_1_341' title='bbox 2222 3570 2518 3625; x_wconf 89' lang='lat' dir='ltr'>Clementis</span> <span class='ocrx_word' id='word_1_342' title='bbox 2544 3570 2641 3624; x_wconf 93' lang='lat' dir='ltr'>PP.</span> <span class='ocrx_word' id='word_1_343' title='bbox 2672 3569 2755 3623; x_wconf 92' lang='lat' dir='ltr'>Vl.</span> <span class='ocrx_word' id='word_1_344' title='bbox 2795 3569 2863 3623; x_wconf 89' lang='lat' dir='ltr'>ad</span> <span class='ocrx_word' id='word_1_345' title='bbox 2902 3568 3210 3622; x_wconf 88' lang='lat' dir='ltr'>Eduardum</span> 
     </span>
     <span class='ocr_line' id='line_1_35' title="bbox 235 3658 2102 3730; baseline 0.001 -18"><span class='ocrx_word' id='word_1_346' title='bbox 235 3659 462 3730; x_wconf 78' lang='lat' dir='ltr'>Angliae</span> <span class='ocrx_word' id='word_1_347' title='bbox 503 3658 706 3730; x_wconf 82' lang='lat' dir='ltr'>Regem</span> <span class='ocrx_word' id='word_1_348' title='bbox 747 3659 962 3724; x_wconf 88' lang='lat' dir='ltr'>directa,</span> <span class='ocrx_word' id='word_1_349' title='bbox 1003 3674 1142 3728; x_wconf 91' lang='lat' dir='ltr'>quae</span> <span class='ocrx_word' id='word_1_350' title='bbox 1179 3675 1246 3714; x_wconf 84' lang='lat' dir='ltr'>ex</span> <span class='ocrx_word' id='word_1_351' title='bbox 1285 3662 1433 3729; x_wconf 89' lang='lat' dir='ltr'>parte</span> <span class='ocrx_word' id='word_1_352' title='bbox 1472 3661 1558 3714; x_wconf 91' lang='lat' dir='ltr'>hic</span> <span class='ocrx_word' id='word_1_353' title='bbox 1595 3663 1963 3729; x_wconf 89' lang='lat' dir='ltr'>apponuntur:</span> <span class='ocrx_word' id='word_1_354' title='bbox 2003 3675 2102 3714; x_wconf 89' lang='lat' dir='ltr'>sc.:</span> 
     </span>
    </p>

    <p class='ocr_par' dir='ltr' id='par_1_9' title="bbox 228 3745 3212 4884">
     <span class='ocr_line' id='line_1_36' title="bbox 450 3745 3212 3819; baseline -0.001 -16"><span class='ocrx_word' id='word_1_355' title='bbox 450 3748 717 3812; x_wconf 82' lang='lat' dir='ltr'>„Attende</span> <span class='ocrx_word' id='word_1_356' title='bbox 756 3763 974 3818; x_wconf 91' lang='lat' dir='ltr'>quoque</span> <span class='ocrx_word' id='word_1_357' title='bbox 1014 3751 1185 3817; x_wconf 88' lang='lat' dir='ltr'>ipsam</span> <span class='ocrx_word' id='word_1_358' title='bbox 1224 3750 1524 3812; x_wconf 90' lang='lat' dir='ltr'>ecclesiam,</span> <span class='ocrx_word' id='word_1_359' title='bbox 1578 3752 1732 3803; x_wconf 84' lang='lat' dir='ltr'>euius</span> <span class='ocrx_word' id='word_1_360' title='bbox 1771 3750 2022 3818; x_wconf 90' lang='lat' dir='ltr'>pastorali</span> <span class='ocrx_word' id='word_1_361' title='bbox 2063 3751 2308 3819; x_wconf 89' lang='lat' dir='ltr'>regimini</span> <span class='ocrx_word' id='word_1_362' title='bbox 2350 3750 2476 3802; x_wconf 82' lang='lat' dir='ltr'>licet</span> <span class='ocrx_word' id='word_1_363' title='bbox 2522 3750 2723 3802; x_wconf 88' lang='lat' dir='ltr'>meritis</span> <span class='ocrx_word' id='word_1_364' title='bbox 2763 3745 3212 3801; x_wconf 90' lang='lat' dir='ltr'>insufficientibus</span> 
     </span>
     <span class='ocr_line' id='line_1_37' title="bbox 230 3837 3212 3907; baseline -0.001 -16"><span class='ocrx_word' id='word_1_365' title='bbox 230 3838 616 3906; x_wconf 78' lang='lat' dir='ltr'>praesidemuS,</span> <span class='ocrx_word' id='word_1_366' title='bbox 667 3852 776 3891; x_wconf 93' lang='lat' dir='ltr'>non</span> <span class='ocrx_word' id='word_1_367' title='bbox 815 3839 882 3892; x_wconf 88' lang='lat' dir='ltr'>ab</span> <span class='ocrx_word' id='word_1_368' title='bbox 921 3837 1217 3906; x_wconf 80' lang='lat' dir='ltr'>ApostoliS‚</span> <span class='ocrx_word' id='word_1_369' title='bbox 1269 3838 1366 3892; x_wconf 89' lang='lat' dir='ltr'>sed</span> <span class='ocrx_word' id='word_1_370' title='bbox 1406 3838 1473 3892; x_wconf 90' lang='lat' dir='ltr'>ab</span> <span class='ocrx_word' id='word_1_371' title='bbox 1523 3841 1642 3907; x_wconf 89' lang='lat' dir='ltr'>ipso</span> <span class='ocrx_word' id='word_1_372' title='bbox 1682 3838 1920 3891; x_wconf 92' lang='lat' dir='ltr'>Domino</span> <span class='ocrx_word' id='word_1_373' title='bbox 1959 3837 2236 3893; x_wconf 89' lang='lat' dir='ltr'>Salvatore</span> <span class='ocrx_word' id='word_1_374' title='bbox 2275 3841 2457 3892; x_wconf 90' lang='lat' dir='ltr'>nostro</span> <span class='ocrx_word' id='word_1_375' title='bbox 2497 3839 2780 3906; x_wconf 90' lang='lat' dir='ltr'>primatum</span> <span class='ocrx_word' id='word_1_376' title='bbox 2822 3851 2984 3905; x_wconf 90' lang='lat' dir='ltr'>super</span> <span class='ocrx_word' id='word_1_377' title='bbox 3020 3849 3212 3888; x_wconf 90' lang='lat' dir='ltr'>omnes</span> 
     </span>
     <span class='ocr_line' id='line_1_38' title="bbox 233 3924 3211 3996; baseline -0.001 -15"><span class='ocrx_word' id='word_1_378' title='bbox 233 3927 416 3981; x_wconf 91' lang='lat' dir='ltr'>mundi</span> <span class='ocrx_word' id='word_1_379' title='bbox 478 3927 734 3981; x_wconf 88' lang='lat' dir='ltr'>ecclesias</span> <span class='ocrx_word' id='word_1_380' title='bbox 778 3927 1039 3980; x_wconf 86' lang='lat' dir='ltr'>obtinere.</span> <span class='ocrx_word' id='word_1_381' title='bbox 1116 3927 1235 3996; x_wconf 91' lang='lat' dir='ltr'>lpse</span> <span class='ocrx_word' id='word_1_382' title='bbox 1293 3928 1513 3996; x_wconf 91' lang='lat' dir='ltr'>quidem</span> <span class='ocrx_word' id='word_1_383' title='bbox 1570 3928 1722 3982; x_wconf 90' lang='lat' dir='ltr'>solus</span> <span class='ocrx_word' id='word_1_384' title='bbox 1779 3928 2007 3982; x_wconf 89' lang='lat' dir='ltr'>eandem</span> <span class='ocrx_word' id='word_1_385' title='bbox 2065 3927 2311 3982; x_wconf 85' lang='lat' dir='ltr'>fundavit</span> <span class='ocrx_word' id='word_1_386' title='bbox 2367 3927 2665 3990; x_wconf 86' lang='lat' dir='ltr'>ecclesiam,</span> <span class='ocrx_word' id='word_1_387' title='bbox 2723 3927 2934 3981; x_wconf 89' lang='lat' dir='ltr'>dicente</span> <span class='ocrx_word' id='word_1_388' title='bbox 2974 3924 3211 3979; x_wconf 89' lang='lat' dir='ltr'>Domino</span> 
     </span>
     <span class='ocr_line' id='line_1_39' title="bbox 228 4014 3212 4085; baseline -0.001 -16"><span class='ocrx_word' id='word_1_389' title='bbox 228 4015 405 4071; x_wconf 89' lang='lat' dir='ltr'>Petro:</span> <span class='ocrx_word' id='word_1_390' title='bbox 480 4016 565 4069; x_wconf 87' lang='lat' dir='ltr'>Tu</span> <span class='ocrx_word' id='word_1_391' title='bbox 630 4030 697 4069; x_wconf 91' lang='lat' dir='ltr'>es</span> <span class='ocrx_word' id='word_1_392' title='bbox 757 4015 992 4070; x_wconf 88' lang='lat' dir='ltr'>Petrus</span> <span class='ocrx_word' id='word_1_393' title='bbox 1054 4018 1114 4070; x_wconf 88' lang='lat' dir='ltr'>et</span> <span class='ocrx_word' id='word_1_394' title='bbox 1178 4031 1374 4085; x_wconf 90' lang='lat' dir='ltr'>super</span> <span class='ocrx_word' id='word_1_395' title='bbox 1437 4017 1601 4071; x_wconf 90' lang='lat' dir='ltr'>hanc</span> <span class='ocrx_word' id='word_1_396' title='bbox 1662 4017 1917 4071; x_wconf 89' lang='lat' dir='ltr'>Petram</span> <span class='ocrx_word' id='word_1_397' title='bbox 1980 4015 2361 4071; x_wconf 90' lang='lat' dir='ltr'>aedificabo</span> <span class='ocrx_word' id='word_1_398' title='bbox 2425 4015 2777 4069; x_wconf 88' lang='lat' dir='ltr'>ecclesiam</span> <span class='ocrx_word' id='word_1_399' title='bbox 2844 4029 3062 4069; x_wconf 90' lang='lat' dir='ltr'>meam.</span> <span class='ocrx_word' id='word_1_400' title='bbox 3139 4014 3212 4067; x_wconf 89' lang='lat' dir='ltr'>Et</span> 
     </span>
     <span class='ocr_line' id='line_1_40' title="bbox 231 4104 3210 4176; baseline -0.001 -17"><span class='ocrx_word' id='word_1_401' title='bbox 231 4105 692 4175; x_wconf 89' lang='lat' dir='ltr'>quodcumque</span> <span class='ocrx_word' id='word_1_402' title='bbox 732 4106 1059 4175; x_wconf 88' lang='lat' dir='ltr'>ligaveris</span> <span class='ocrx_word' id='word_1_403' title='bbox 1098 4121 1295 4174; x_wconf 87' lang='lat' dir='ltr'>super</span> <span class='ocrx_word' id='word_1_404' title='bbox 1335 4109 1595 4170; x_wconf 84' lang='lat' dir='ltr'>terram,</span> <span class='ocrx_word' id='word_1_405' title='bbox 1642 4108 1764 4160; x_wconf 88' lang='lat' dir='ltr'>erit</span> <span class='ocrx_word' id='word_1_406' title='bbox 1804 4106 2082 4176; x_wconf 90' lang='lat' dir='ltr'>ligatum</span> <span class='ocrx_word' id='word_1_407' title='bbox 2122 4108 2185 4160; x_wconf 94' lang='lat' dir='ltr'>et</span> <span class='ocrx_word' id='word_1_408' title='bbox 2232 4108 2293 4159; x_wconf 94' lang='lat' dir='ltr'>in</span> <span class='ocrx_word' id='word_1_409' title='bbox 2342 4105 2579 4159; x_wconf 91' lang='lat' dir='ltr'>coelis:</span> <span class='ocrx_word' id='word_1_410' title='bbox 2635 4106 2697 4158; x_wconf 87' lang='lat' dir='ltr'>et</span> <span class='ocrx_word' id='word_1_411' title='bbox 2745 4104 3210 4173; x_wconf 88' lang='lat' dir='ltr'>quodcumque</span> 
     </span>
     <span class='ocr_line' id='line_1_41' title="bbox 229 4193 3210 4264; baseline -0.001 -16"><span class='ocrx_word' id='word_1_412' title='bbox 229 4195 534 4248; x_wconf 31' lang='lat' dir='ltr'>solveris*</span> <span class='ocrx_word' id='word_1_413' title='bbox 581 4208 778 4262; x_wconf 89' lang='lat' dir='ltr'>super</span> <span class='ocrx_word' id='word_1_414' title='bbox 838 4197 1073 4249; x_wconf 89' lang='lat' dir='ltr'>terram</span> <span class='ocrx_word' id='word_1_415' title='bbox 1138 4197 1266 4249; x_wconf 85' lang='lat' dir='ltr'>erit</span> <span class='ocrx_word' id='word_1_416' title='bbox 1326 4197 1618 4249; x_wconf 90' lang='lat' dir='ltr'>solutum</span> <span class='ocrx_word' id='word_1_417' title='bbox 1683 4197 1745 4249; x_wconf 89' lang='lat' dir='ltr'>et</span> <span class='ocrx_word' id='word_1_418' title='bbox 1808 4197 1871 4248; x_wconf 93' lang='lat' dir='ltr'>in</span> <span class='ocrx_word' id='word_1_419' title='bbox 1933 4194 2173 4259; x_wconf 76' lang='lat' dir='ltr'>coeli8‚</span> <span class='ocrx_word' id='word_1_420' title='bbox 2231 4198 2283 4249; x_wconf 91' lang='lat' dir='ltr'>et</span> <span class='ocrx_word' id='word_1_421' title='bbox 2332 4209 2492 4263; x_wconf 89' lang='lat' dir='ltr'>super</span> <span class='ocrx_word' id='word_1_422' title='bbox 2530 4197 2732 4264; x_wconf 88' lang='lat' dir='ltr'>petram</span> <span class='ocrx_word' id='word_1_423' title='bbox 2771 4193 2898 4248; x_wconf 90' lang='lat' dir='ltr'>fidei</span> <span class='ocrx_word' id='word_1_424' title='bbox 2939 4194 3210 4248; x_wconf 88' lang='lat' dir='ltr'>nascentis</span> 
     </span>
     <span class='ocr_line' id='line_1_42' title="bbox 228 4283 3207 4354; baseline -0.001 -17"><span class='ocrx_word' id='word_1_425' title='bbox 228 4286 405 4337; x_wconf 81' lang='lat' dir='ltr'>erexit.</span> <span class='ocrx_word' id='word_1_426' title='bbox 483 4283 606 4337; x_wconf 92' lang='lat' dir='ltr'>Non</span> <span class='ocrx_word' id='word_1_427' title='bbox 645 4286 789 4337; x_wconf 90' lang='lat' dir='ltr'>enim</span> <span class='ocrx_word' id='word_1_428' title='bbox 817 4287 1043 4353; x_wconf 89' lang='lat' dir='ltr'>quaevis</span> <span class='ocrx_word' id='word_1_429' title='bbox 1070 4287 1275 4338; x_wconf 90' lang='lat' dir='ltr'>terrena</span> <span class='ocrx_word' id='word_1_430' title='bbox 1300 4286 1583 4348; x_wconf 87' lang='lat' dir='ltr'>sententia,</span> <span class='ocrx_word' id='word_1_431' title='bbox 1623 4285 1722 4339; x_wconf 90' lang='lat' dir='ltr'>sed</span> <span class='ocrx_word' id='word_1_432' title='bbox 1752 4285 1885 4339; x_wconf 89' lang='lat' dir='ltr'>illud</span> <span class='ocrx_word' id='word_1_433' title='bbox 1914 4285 2166 4348; x_wconf 90' lang='lat' dir='ltr'>Verbum,</span> <span class='ocrx_word' id='word_1_434' title='bbox 2207 4300 2301 4353; x_wconf 92' lang='lat' dir='ltr'>per</span> <span class='ocrx_word' id='word_1_435' title='bbox 2339 4284 2485 4354; x_wconf 91' lang='lat' dir='ltr'>quod</span> <span class='ocrx_word' id='word_1_436' title='bbox 2513 4287 2861 4338; x_wconf 90' lang='lat' dir='ltr'>constitutum</span> <span class='ocrx_word' id='word_1_437' title='bbox 2889 4285 2972 4338; x_wconf 90' lang='lat' dir='ltr'>est</span> <span class='ocrx_word' id='word_1_438' title='bbox 2998 4283 3207 4336; x_wconf 88' lang='lat' dir='ltr'>coelum</span> 
     </span>
     <span class='ocr_line' id='line_1_43' title="bbox 229 4371 3211 4443; baseline -0.001 -17"><span class='ocrx_word' id='word_1_439' title='bbox 229 4374 279 4426; x_wconf 90' lang='lat' dir='ltr'>et</span> <span class='ocrx_word' id='word_1_440' title='bbox 340 4376 493 4437; x_wconf 89' lang='lat' dir='ltr'>terra,</span> <span class='ocrx_word' id='word_1_441' title='bbox 551 4388 646 4441; x_wconf 89' lang='lat' dir='ltr'>per</span> <span class='ocrx_word' id='word_1_442' title='bbox 685 4373 831 4442; x_wconf 89' lang='lat' dir='ltr'>quod</span> <span class='ocrx_word' id='word_1_443' title='bbox 895 4374 1130 4443; x_wconf 93' lang='lat' dir='ltr'>denique</span> <span class='ocrx_word' id='word_1_444' title='bbox 1187 4375 1473 4428; x_wconf 89' lang='lat' dir='ltr'>constituta</span> <span class='ocrx_word' id='word_1_445' title='bbox 1536 4377 1662 4428; x_wconf 89' lang='lat' dir='ltr'>sunt</span> <span class='ocrx_word' id='word_1_446' title='bbox 1723 4377 1904 4428; x_wconf 91' lang='lat' dir='ltr'>omnia</span> <span class='ocrx_word' id='word_1_447' title='bbox 1967 4374 2246 4436; x_wconf 91' lang='lat' dir='ltr'>elementa,</span> <span class='ocrx_word' id='word_1_448' title='bbox 2317 4374 2544 4427; x_wconf 90' lang='lat' dir='ltr'>eandem</span> <span class='ocrx_word' id='word_1_449' title='bbox 2607 4372 2900 4432; x_wconf 86' lang='lat' dir='ltr'>Romanam</span> <span class='ocrx_word' id='word_1_450' title='bbox 2963 4371 3211 4425; x_wconf 88' lang='lat' dir='ltr'>fundavit</span> 
     </span>
     <span class='ocr_line' id='line_1_44' title="bbox 231 4461 3206 4532; baseline -0.001 -16"><span class='ocrx_word' id='word_1_451' title='bbox 231 4463 528 4525; x_wconf 90' lang='lat' dir='ltr'>ecclesiam,</span> <span class='ocrx_word' id='word_1_452' title='bbox 570 4477 708 4532; x_wconf 90' lang='lat' dir='ltr'>quae</span> <span class='ocrx_word' id='word_1_453' title='bbox 736 4461 955 4531; x_wconf 89' lang='lat' dir='ltr'>quidem</span> <span class='ocrx_word' id='word_1_454' title='bbox 995 4477 1186 4516; x_wconf 89' lang='lat' dir='ltr'>omnes</span> <span class='ocrx_word' id='word_1_455' title='bbox 1214 4463 1605 4531; x_wconf 80' lang='lat' dir='ltr'>patriarchaleS,</span> <span class='ocrx_word' id='word_1_456' title='bbox 1646 4463 2088 4532; x_wconf 87' lang='lat' dir='ltr'>metropolitanas</span> <span class='ocrx_word' id='word_1_457' title='bbox 2128 4465 2180 4516; x_wconf 92' lang='lat' dir='ltr'>et</span> <span class='ocrx_word' id='word_1_458' title='bbox 2217 4462 2551 4516; x_wconf 88' lang='lat' dir='ltr'>cathedrales</span> <span class='ocrx_word' id='word_1_459' title='bbox 2589 4462 2843 4515; x_wconf 89' lang='lat' dir='ltr'>ecclesias</span> <span class='ocrx_word' id='word_1_460' title='bbox 2883 4463 2936 4515; x_wconf 91' lang='lat' dir='ltr'>et</span> <span class='ocrx_word' id='word_1_461' title='bbox 2974 4463 3206 4530; x_wconf 86' lang='lat' dir='ltr'>ipsarum</span> 
     </span>
     <span class='ocr_line' id='line_1_45' title="bbox 232 4550 3209 4622; baseline -0.001 -17"><span class='ocrx_word' id='word_1_462' title='bbox 232 4552 515 4606; x_wconf 88' lang='lat' dir='ltr'>cuiuslibet</span> <span class='ocrx_word' id='word_1_463' title='bbox 570 4551 775 4605; x_wconf 87' lang='lat' dir='ltr'>ordinis</span> <span class='ocrx_word' id='word_1_464' title='bbox 833 4551 1146 4621; x_wconf 88' lang='lat' dir='ltr'>dignitatem</span> <span class='ocrx_word' id='word_1_465' title='bbox 1206 4554 1455 4606; x_wconf 87' lang='lat' dir='ltr'>instituit:</span> <span class='ocrx_word' id='word_1_466' title='bbox 1522 4554 1589 4606; x_wconf 90' lang='lat' dir='ltr'>ad</span> <span class='ocrx_word' id='word_1_467' title='bbox 1647 4555 1798 4606; x_wconf 90' lang='lat' dir='ltr'>cuius</span> <span class='ocrx_word' id='word_1_468' title='bbox 1862 4553 2130 4622; x_wconf 84' lang='lat' dir='ltr'>pastore&#39;m</span> <span class='ocrx_word' id='word_1_469' title='bbox 2187 4554 2242 4605; x_wconf 89' lang='lat' dir='ltr'>et</span> <span class='ocrx_word' id='word_1_470' title='bbox 2291 4553 2545 4605; x_wconf 90' lang='lat' dir='ltr'>rectorem</span> <span class='ocrx_word' id='word_1_471' title='bbox 2626 4552 2900 4614; x_wconf 86' lang='lat' dir='ltr'>ecclesiae,</span> <span class='ocrx_word' id='word_1_472' title='bbox 2957 4550 3209 4603; x_wconf 86' lang='lat' dir='ltr'>videlicet</span> 
     </span>
     <span class='ocr_line' id='line_1_46' title="bbox 233 4638 3205 4712; baseline -0.002 -16"><span class='ocrx_word' id='word_1_473' title='bbox 233 4639 528 4698; x_wconf 83' lang='lat' dir='ltr'>Romanum</span> <span class='ocrx_word' id='word_1_474' title='bbox 560 4639 874 4694; x_wconf 89' lang='lat' dir='ltr'>Pontificem</span> <span class='ocrx_word' id='word_1_475' title='bbox 914 4642 1204 4696; x_wconf 89' lang='lat' dir='ltr'>omnium</span> <span class='ocrx_word' id='word_1_476' title='bbox 1235 4642 1695 4705; x_wconf 90' lang='lat' dir='ltr'>ecclesiarum,</span> <span class='ocrx_word' id='word_1_477' title='bbox 1732 4643 2160 4712; x_wconf 87' lang='lat' dir='ltr'>dignitatum,</span> <span class='ocrx_word' id='word_1_478' title='bbox 2191 4640 2595 4704; x_wconf 76' lang='lat' dir='ltr'>officiorum,</span> <span class='ocrx_word' id='word_1_479' title='bbox 2631 4642 2692 4694; x_wconf 89' lang='lat' dir='ltr'>et</span> <span class='ocrx_word' id='word_1_480' title='bbox 2721 4638 3205 4693; x_wconf 83' lang='lat' dir='ltr'>beneficiorum</span> 
     </span>
     <span class='ocr_line' id='line_1_47' title="bbox 231 4727 3206 4799; baseline -0.001 -17"><span class='ocrx_word' id='word_1_481' title='bbox 231 4729 848 4783; x_wconf 89' lang='lat' dir='ltr'>ecclesiasticorum</span> <span class='ocrx_word' id='word_1_482' title='bbox 889 4730 1183 4798; x_wconf 89' lang='lat' dir='ltr'>plenaria</span> <span class='ocrx_word' id='word_1_483' title='bbox 1232 4730 1595 4799; x_wconf 89' lang='lat' dir='ltr'>dispositio</span> <span class='ocrx_word' id='word_1_484' title='bbox 1641 4733 1880 4784; x_wconf 86' lang='lat' dir='ltr'>noscitur</span> <span class='ocrx_word' id='word_1_485' title='bbox 1927 4732 2191 4799; x_wconf 90' lang='lat' dir='ltr'>pertinere</span> <span class='ocrx_word' id='word_1_486' title='bbox 2230 4772 2241 4784; x_wconf 95' lang='lat'>.</span> <span class='ocrx_word' id='word_1_487' title='bbox 2283 4772 2295 4782; x_wconf 89' lang='lat'>.</span> <span class='ocrx_word' id='word_1_488' title='bbox 2336 4771 2348 4784; x_wconf 92' lang='lat'>.</span> <span class='ocrx_word' id='word_1_489' title='bbox 2389 4729 2718 4799; x_wconf 83' lang='lat' dir='ltr'>(Raynaldus</span> <span class='ocrx_word' id='word_1_490' title='bbox 2772 4729 3010 4783; x_wconf 85' lang='lat' dir='ltr'>Annales</span> <span class='ocrx_word' id='word_1_491' title='bbox 3067 4727 3206 4781; x_wconf 83' lang='lat' dir='ltr'>Eccl.</span> 
     </span>
     <span class='ocr_line' id='line_1_48' title="bbox 232 4817 834 4884; baseline 0.003 -14"><span class='ocrx_word' id='word_1_492' title='bbox 232 4818 314 4871; x_wconf 91' lang='lat' dir='ltr'>ad.</span> <span class='ocrx_word' id='word_1_493' title='bbox 354 4833 399 4874; x_wconf 89' lang='lat' dir='ltr'>a.</span> <span class='ocrx_word' id='word_1_494' title='bbox 443 4818 579 4874; x_wconf 85' lang='lat'>1344</span> <span class='ocrx_word' id='word_1_495' title='bbox 618 4817 689 4872; x_wconf 86' lang='lat' dir='ltr'>n⁰</span> <span class='ocrx_word' id='word_1_496' title='bbox 724 4817 834 4884; x_wconf 88' lang='lat'>55.)</span> 
     </span>
    </p>

    <p class='ocr_par' dir='ltr' id='par_1_10' title="bbox 353 4907 1588 4979">
     <span class='ocr_line' id='line_1_49' title="bbox 353 4907 1588 4979; baseline 0.001 -17"><span class='ocrx_word' id='word_1_497' title='bbox 353 4907 398 4975; x_wconf 80' lang='lat'>⁸)</span> <span class='ocrx_word' id='word_1_498' title='bbox 438 4907 531 4961; x_wconf 84' lang='lat' dir='ltr'>Ex.</span> <span class='ocrx_word' id='word_1_499' title='bbox 571 4923 647 4979; x_wconf 91' lang='lat' dir='ltr'>gr.</span> <span class='ocrx_word' id='word_1_500' title='bbox 688 4923 732 4962; x_wconf 93' lang='lat' dir='ltr'>c.</span> <span class='ocrx_word' id='word_1_501' title='bbox 773 4907 821 4962; x_wconf 87' lang='lat'>2.</span> <span class='ocrx_word' id='word_1_502' title='bbox 862 4908 930 4962; x_wconf 92' lang='lat' dir='ltr'>de</span> <span class='ocrx_word' id='word_1_503' title='bbox 969 4907 1148 4977; x_wconf 90' lang='lat' dir='ltr'>praeb.</span> <span class='ocrx_word' id='word_1_504' title='bbox 1188 4907 1265 4962; x_wconf 91' lang='lat'>111.</span> <span class='ocrx_word' id='word_1_505' title='bbox 1304 4909 1337 4962; x_wconf 81' lang='lat'><strong>4</strong></span> <span class='ocrx_word' id='word_1_506' title='bbox 1376 4911 1429 4962; x_wconf 90' lang='lat' dir='ltr'>in</span> <span class='ocrx_word' id='word_1_507' title='bbox 1469 4907 1588 4963; x_wconf 86' lang='lat' dir='ltr'>V10.</span> 
     </span>
    </p>

    <p class='ocr_par' dir='ltr' id='par_1_11' title="bbox 348 4996 1537 5066">
     <span class='ocr_line' id='line_1_50' title="bbox 348 4996 1537 5066; baseline 0.001 -17"><span class='ocrx_word' id='word_1_508' title='bbox 348 4996 394 5065; x_wconf 76' lang='lat'>⁴)</span> <span class='ocrx_word' id='word_1_509' title='bbox 435 4997 465 5051; x_wconf 97' lang='lat' dir='ltr'>l.</span> <span class='ocrx_word' id='word_1_510' title='bbox 507 5012 550 5051; x_wconf 90' lang='lat' dir='ltr'>c.</span> <span class='ocrx_word' id='word_1_511' title='bbox 590 4996 623 5051; x_wconf 92' lang='lat'>1.</span> <span class='ocrx_word' id='word_1_512' title='bbox 663 5011 714 5066; x_wconf 90' lang='lat' dir='ltr'>p.</span> <span class='ocrx_word' id='word_1_513' title='bbox 761 4997 860 5052; x_wconf 87' lang='lat'>196</span> <span class='ocrx_word' id='word_1_514' title='bbox 898 5012 1025 5066; x_wconf 79' lang='lat' dir='ltr'>sqq:</span> <span class='ocrx_word' id='word_1_515' title='bbox 1066 4997 1143 5051; x_wconf 92' lang='lat'>111.</span> <span class='ocrx_word' id='word_1_516' title='bbox 1185 5013 1235 5066; x_wconf 91' lang='lat' dir='ltr'>p.</span> <span class='ocrx_word' id='word_1_517' title='bbox 1281 4996 1381 5052; x_wconf 90' lang='grc'>113</span> <span class='ocrx_word' id='word_1_518' title='bbox 1418 5012 1537 5066; x_wconf 89' lang='lat' dir='ltr'>sqq.</span> 
     </span>
    </p>

    <p class='ocr_par' dir='ltr' id='par_1_12' title="bbox 236 5084 3207 5246">
     <span class='ocr_line' id='line_1_51' title="bbox 440 5084 3207 5156; baseline -0.001 -16"><span class='ocrx_word' id='word_1_519' title='bbox 440 5085 642 5140; x_wconf 81' lang='lat' dir='ltr'>Auctor</span> <span class='ocrx_word' id='word_1_520' title='bbox 679 5085 928 5140; x_wconf 88' lang='lat' dir='ltr'>laudatus</span> <span class='ocrx_word' id='word_1_521' title='bbox 967 5086 1066 5153; x_wconf 86' lang='lat'>(111.</span> <span class='ocrx_word' id='word_1_522' title='bbox 1106 5102 1157 5155; x_wconf 89' lang='lat' dir='ltr'>p.</span> <span class='ocrx_word' id='word_1_523' title='bbox 1191 5086 1309 5153; x_wconf 88' lang='lat'>115)</span> <span class='ocrx_word' id='word_1_524' title='bbox 1351 5086 1588 5154; x_wconf 87' lang='lat' dir='ltr'>disputat</span> <span class='ocrx_word' id='word_1_525' title='bbox 1626 5086 1695 5139; x_wconf 90' lang='lat' dir='ltr'>de</span> <span class='ocrx_word' id='word_1_526' title='bbox 1734 5087 1837 5140; x_wconf 91' lang='lat' dir='ltr'>hoc</span> <span class='ocrx_word' id='word_1_527' title='bbox 1877 5089 1986 5139; x_wconf 91' lang='lat' dir='ltr'>iure</span> <span class='ocrx_word' id='word_1_528' title='bbox 2025 5101 2280 5156; x_wconf 89' lang='lat' dir='ltr'>supremo</span> <span class='ocrx_word' id='word_1_529' title='bbox 2318 5086 2375 5146; x_wconf 86' lang='lat' dir='ltr'>R.</span> <span class='ocrx_word' id='word_1_530' title='bbox 2404 5085 2648 5141; x_wconf 89' lang='lat' dir='ltr'>Pontifici</span> <span class='ocrx_word' id='word_1_531' title='bbox 2689 5089 2904 5155; x_wconf 91' lang='lat' dir='ltr'>proprio</span> <span class='ocrx_word' id='word_1_532' title='bbox 2945 5086 3096 5154; x_wconf 89' lang='lat' dir='ltr'>quasi</span> <span class='ocrx_word' id='word_1_533' title='bbox 3138 5084 3207 5136; x_wconf 88' lang='lat' dir='ltr'>de</span> 
     </span>
     <span class='ocr_line' id='line_1_52' title="bbox 236 5173 2284 5246; baseline 0.002 -20"><span class='ocrx_word' id='word_1_534' title='bbox 236 5175 409 5243; x_wconf 88' lang='lat' dir='ltr'>aliquo</span> <span class='ocrx_word' id='word_1_535' title='bbox 448 5174 610 5229; x_wconf 90' lang='lat' dir='ltr'>ficto</span> <span class='ocrx_word' id='word_1_536' title='bbox 648 5190 757 5229; x_wconf 92' lang='lat' dir='ltr'>non</span> <span class='ocrx_word' id='word_1_537' title='bbox 797 5175 1022 5244; x_wconf 89' lang='lat' dir='ltr'>probato</span> <span class='ocrx_word' id='word_1_538' title='bbox 1061 5176 1433 5246; x_wconf 88' lang='lat' dir='ltr'>(angebliches</span> <span class='ocrx_word' id='word_1_539' title='bbox 1472 5173 1717 5228; x_wconf 89' lang='lat' dir='ltr'>oberstes</span> <span class='ocrx_word' id='word_1_540' title='bbox 1756 5174 2284 5245; x_wconf 89' lang='lat' dir='ltr'>Besetzungsrecht).</span> 
     </span>
    </p>

    <p class='ocr_par' dir='ltr' id='par_1_13' title="bbox 235 5263 3204 5424">
     <span class='ocr_line' id='line_1_53' title="bbox 439 5263 3204 5334; baseline -0.001 -16"><span class='ocrx_word' id='word_1_541' title='bbox 439 5263 523 5318; x_wconf 90' lang='lat' dir='ltr'>Cf.</span> <span class='ocrx_word' id='word_1_542' title='bbox 580 5265 738 5318; x_wconf 84' lang='lat' dir='ltr'>etiam</span> <span class='ocrx_word' id='word_1_543' title='bbox 797 5264 1000 5318; x_wconf 87' lang='lat' dir='ltr'>Munch</span> <span class='ocrx_word' id='word_1_544' title='bbox 1059 5266 1090 5319; x_wconf 89' lang='lat' dir='ltr'>l.</span> <span class='ocrx_word' id='word_1_545' title='bbox 1131 5280 1173 5319; x_wconf 91' lang='lat' dir='ltr'>c.</span> <span class='ocrx_word' id='word_1_546' title='bbox 1215 5281 1265 5334; x_wconf 91' lang='lat' dir='ltr'>p.</span> <span class='ocrx_word' id='word_1_547' title='bbox 1307 5265 1376 5318; x_wconf 89' lang='lat'>70</span> <span class='ocrx_word' id='word_1_548' title='bbox 1431 5264 1830 5330; x_wconf 82' lang='lat' dir='ltr'>(„anmassende</span> <span class='ocrx_word' id='word_1_549' title='bbox 1889 5263 2184 5320; x_wconf 88' lang='lat' dir='ltr'>Verfahren</span> <span class='ocrx_word' id='word_1_550' title='bbox 2243 5266 2337 5319; x_wconf 91' lang='lat' dir='ltr'>der</span> <span class='ocrx_word' id='word_1_551' title='bbox 2392 5264 2551 5318; x_wconf 89' lang='lat' dir='ltr'>Curie</span> <span class='ocrx_word' id='word_1_552' title='bbox 2608 5264 2950 5318; x_wconf 89' lang='lat' dir='ltr'>unmittelbar</span> <span class='ocrx_word' id='word_1_553' title='bbox 3006 5266 3058 5316; x_wconf 91' lang='lat' dir='ltr'>in</span> <span class='ocrx_word' id='word_1_554' title='bbox 3116 5263 3204 5315; x_wconf 90' lang='lat' dir='ltr'>die</span> 
     </span>
     <span class='ocr_line' id='line_1_54' title="bbox 235 5351 1695 5424; baseline 0 -18"><span class='ocrx_word' id='word_1_555' title='bbox 235 5351 608 5408; x_wconf 85' lang='lat' dir='ltr'>Wirksamkeit</span> <span class='ocrx_word' id='word_1_556' title='bbox 646 5354 740 5408; x_wconf 91' lang='lat' dir='ltr'>der</span> <span class='ocrx_word' id='word_1_557' title='bbox 781 5354 1215 5424; x_wconf 85' lang='lat' dir='ltr'>Lokalgewalten</span> <span class='ocrx_word' id='word_1_558' title='bbox 1254 5352 1695 5424; x_wconf 65' lang='lat' dir='ltr'>einzugreifew).</span> 
     </span>
    </p>
   </div>
  </div>
 </body>
</html>
