3688 5825
1872 1369 1961 1448 V.

422 1697 785 1777 Litterae
847 1696 1382 1805 Apostolicae
1452 1694 1825 1776 eiusdem
1892 1695 2226 1805 generis
2283 1721 2333 1774 a
2377 1693 2759 1799 johanne
2806 1695 3070 1782 XXII.
3139 1723 3407 1805 usque

825 1855 931 1936 ad
1001 1857 1505 1967 Gregoriurn
1572 1860 1714 1942 XI.
1783 1856 2226 1941 confectae.
2356 1863 2991 1955 (1316—1378.)

633 2427 1013 2559 Johannes
1083 2490 1329 2576 XXII.¹)
1416 2491 1939 2557 reservationum
2011 2494 2144 2558 tam
2230 2491 2640 2576 generalium
2715 2510 2913 2576 quam
3011 2490 3401 2576 specialium

423 2602 714 2684 systema
764 2618 964 2684 quam
1015 2600 1302 2665 maxime
1352 2598 1718 2682 excoluit.2)

635 2723 894 2789 Primae
980 2724 1258 2790 Litterae
1331 2722 1801 2788 reservatoriae
1873 2723 1957 2788 ab
2022 2721 2170 2807 ipso
2235 2722 2560 2789 pontifice
2619 2722 2728 2788 die
2784 2722 2882 2787 12.
2933 2720 3103 2807 Aug.
3162 2722 3404 2809 13163)

424 2831 462 2895 i.
515 2848 570 2895 e.
652 2831 799 2895 iam
859 2832 1037 2895 ante
1116 2848 1307 2896 suae
1378 2828 1928 2895 coronationis
1996 2829 2384 2895 solemnia
2444 2826 2641 2895 Vitali
2720 2829 2804 2894 de
2868 2828 3011 2915 Ape
3075 2831 3404 2896 canonico

424 2936 814 3022 Agennensi
878 2955 1240 3004 concessae
1319 2955 1507 3003 suam
1571 2936 2012 3003 intentionem
2096 2936 2226 3002 iam
2295 2937 2455 3002 satis
2521 2936 2881 3003 insinuant.
2977 2936 3149 3003 Cum
3223 2939 3401 3003 enim

423 3044 853 3110 canonicatus
903 3047 966 3109 et
1016 3043 1394 3129 praebenda
1447 3062 1562 3128 per
1608 3043 1868 3109 obitum
1919 3042 2189 3109 Arnaldi
2239 3043 2322 3109 de
2373 3041 2752 3130 Cantalupo
2802 3044 2972 3108 tituli
3008 3042 3074 3109 S.
3107 3043 3402 3110 Marcelli

422 3150 798 3235 Presbyteri
865 3149 1239 3216 Cardinalis
1299 3150 1364 3215 in
1438 3150 1610 3216 dicta
1671 3148 2062 3235 Agennensi
2137 3150 2411 3216 ecclesia
2478 3153 2786 3217 vacarent
2844 3149 3050 3235 apud
3122 3148 3402 3216 Sedem

422 3255 1004 3342 Apostolicam,
1087 3257 1241 3341 quia
1301 3256 1633 3341 praefatus
1682 3254 2057 3322 Cardinalis
2107 3257 2173 3321 in
2232 3255 2429 3322 Curia
2479 3247 2654 3323 diem
2729 3257 2964 3323 clausit
3013 3260 3403 3336 extremum,

419 3362 765 3430 „Iohannes
842 3364 1026 3430 XXII.
1119 3364 1270 3430 illos
1344 3364 1622 3429 contulit
1699 3362 1877 3429 dicto
1955 3364 2280 3430 canonico
2358 3363 2577 3442 Vitali,
2651 3363 2834 3449 quod
2907 3364 3084 3449 apud
3157 3362 3401 3430 Sedem

424 3469 879 3555 Apostolicam
937 3471 1279 3537 vacavisse
1350 3471 1798 3536 noscebantur
1868 3473 1930 3536 et
1979 3470 2135 3555 quia
2202 3469 2519 3536 Clemens
2565 3470 2641 3535 V.
2703 3469 3199 3556 praedecessori
3260 3472 3404 3537 eius

430 3577 721 3653 „dudum
794 3580 946 3643 ante
1016 3577 1430 3643 vacationem
1526 3577 1914 3643 huiusmodi
2009 3577 2441 3643 canonicatus
2543 3576 2963 3663 praebendas
3051 3581 3402 3662 ceteraque

422 3684 745 3750 beneficia
836 3684 1284 3750 ecclesiastica
1363 3686 1520 3749 tunc
1597 3683 1775 3769 apud
1835 3683 2077 3750 dictam
2139 3682 2379 3750 Sedem
2440 3685 2738 3751 vacantia
2797 3689 2860 3750 et
2920 3686 2985 3749 in
3060 3687 3401 3769 posterum

422 3794 728 3857 vacatura
776 3790 1206 3876 Apostolicae
1254 3790 1603 3857 donationi
1653 3809 2019 3869 reservans,
2070 3790 2361 3857 decrevit
2408 3794 2567 3857 ete.“

638 3914 829 3981 Duae
878 3932 1037 4000 ergo
1110 3900 1294 3981 erant
1359 3915 1670 3992 rationeS‚
1730 3933 1843 3981 cur
1895 3913 2243 3981 ,Iohannes
2299 3914 2484 3980 XXII.
2543 3915 2758 3981 dictos
2815 3916 3281 3982 canonicatum
3341 3920 3405 3982 et

426 4018 874 4108 praebendam
925 4022 1052 4088 sibi
1102 4023 1469 4088 reservatos
1519 4040 1668 4088 esse
1715 4021 2089 4088 censuisset
2137 4040 2225 4087 sc.
2274 4022 2532 4088 vacatio
2583 4021 2653 4087 in
2701 4021 2900 4088 Curia
2956 4022 3021 4087 vi
3078 4040 3130 4088 c.
3187 4023 3404 4099 „LIcet

424 4129 893 4195 ecclesiarum“
949 4132 1013 4195 et
1045 4129 1108 4194 vi
1143 4147 1195 4194 c.
1253 4128 1430 4205 „Etsi
1466 4128 1533 4193 in
1567 4128 2075 4214 temporalium“
2130 4147 2167 4194 a
2202 4126 2549 4194 Clemente
2582 4128 2658 4193 V.
2696 4128 3208 4213 praedecessore
3258 4130 3404 4195 eius

425 4236 803 4321 nuperrime
847 4236 1036 4316 editi;
1082 4236 1388 4320 quamvis
1432 4236 1611 4301 enim
1648 4236 2172 4320 praememorata
2205 4236 2593 4301 constitutio
2637 4233 3005 4301 Clementis
3037 4235 3113 4301 V.
3144 4238 3404 4302 tantum

428 4346 607 4409 esset
672 4343 1084 4428 temporalis,
1156 4345 1379 4408 tamen
1451 4342 1676 4408 obitus
1747 4341 1904 4408 dicti
1956 4340 2329 4408 Cardinalis
2399 4341 2708 4408 Ademari
2760 4341 2961 4426 (1313
3009 4342 3168 4408 Dec.
3225 4342 3403 4430 14)⁴)

423 4449 859 4515 antecedebat
907 4452 1183 4515 mortem
1236 4450 1449 4533 ipsius
1499 4448 1780 4521 Romani
1831 4448 2178 4515 Pontificis
2227 4447 2429 4532 (1314
2475 4447 2630 4533 Apr.
2688 4449 2793 4533 14)
2844 4467 3003 4534 ergo
3055 4450 3184 4515 iam
3232 4450 3296 4515 vi
3347 4470 3403 4516 c.

428 4556 606 4632 „Etsi
666 4556 733 4621 in
795 4556 1299 4641 temporalium“
1363 4554 1750 4621 huiusmodi
1808 4556 2240 4622 canonicatus
2299 4557 2362 4621 et
2421 4556 2799 4640 praebenda
2857 4559 3039 4622 erant
3087 4558 3403 4623 reservati

423 4661 857 4748 dispositioni
937 4661 1131 4729 Sedis
1207 4661 1655 4748 Apostolicae.
1751 4663 2028 4747 Insuper
2108 4662 2623 4728 constitutiones
2711 4660 3078 4728 Clementis
3157 4662 3257 4727 IV.
3338 4667 3406 4729 et

550 4910 592 4980 ¹)
632 4911 847 4966 Electus
888 4911 1135 4983 Lugduni
1182 4911 1316 4966 1316
1352 4911 1493 4983 Aug.
1532 4912 1564 4965 7
1604 4911 1786 4981 ibique
1825 4911 2113 4965 coronatus
2150 4909 2298 4980 Sept.
2336 4908 2387 4965 5.
2427 4926 2475 4964 e.
2514 4925 2560 4964 a.

547 5016 591 5086 ²)
630 5017 712 5073 Cf.
761 5018 946 5072 Pastor
993 5017 1025 5072 l.
1065 5033 1109 5072 c.
1157 5017 1191 5072 1.
1239 5017 1307 5071 67
1346 5032 1465 5087 sqq.
1540 5017 1743 5072 Munch
1783 5017 1815 5072 l.
1858 5033 1901 5071 c.
1940 5033 1992 5086 p.
2031 5017 2116 5072 38.
2204 5017 2487 5086 Verlaque,
2543 5017 2675 5071 Jean
2733 5016 2882 5070 XXII.
2939 5032 2999 5070 sa
3056 5018 3143 5069 vie
3200 5018 3254 5070 et
3310 5033 3402 5071 ses

432 5121 664 5161 oeuvres
700 5123 753 5176 p.
798 5107 897 5161 184
935 5121 1016 5176 sq.

546 5213 591 5281 ⁸)
631 5213 761 5284 Reg.
802 5213 920 5268 Vat.
960 5215 996 5267 t.
1034 5213 1103 5268 63
1141 5212 1232 5267 fol.
1276 5211 1553 5268 110n03.
1629 5212 1843 5268 Coulon
1886 5216 1917 5267 l.
1957 5229 2001 5268 c.
2041 5214 2138 5267 has
2178 5215 2376 5268 litteras
2415 5229 2523 5268 non
2563 5213 2952 5281 complectitur.

544 5320 592 5385 ⁴)
631 5320 820 5385 Eubel‚
860 5319 1166 5374 Hierarchia
1205 5321 1343 5374 cath.
1382 5320 1546 5374 medii
1584 5323 1703 5374 aevi
1742 5320 1778 5375 I.
1817 5337 1870 5390 p.
1916 5321 1997 5375 13.
