3688 5825
1679 321 1759 382 81

230 529 657 614 presentibus
719 546 857 594 non
929 546 1312 613 expressam
1375 528 1481 594 vel
1542 528 1846 594 totaliter‘
1885 546 2021 594 non
2095 528 2406 594 insertam
2478 527 2751 594 effectus
2822 526 3210 594 huiusmodi

228 637 440 720 gratie
508 634 814 720 impediri
882 635 1098 702 valeat
1162 634 1677 720 quomodolibet
1745 636 1850 700 vel
1900 634 2161 713 differri,
2232 638 2297 701 et
2344 634 2428 701 de
2496 653 2627 719 qua
2692 635 3020 719 cuiusque
3066 637 3210 700 toto

227 746 461 808 tenore
509 741 818 809 habenda
868 743 952 807 sit
997 743 1063 807 in
1114 741 1360 808 nostris
1408 742 1634 808 litteris
1683 742 1947 809 mencio
1997 741 2324 827 specialis
2415 740 2570 819 Seu,
2629 741 2682 807 si
2733 759 3008 827 presens
3070 759 3209 807 non

227 850 434 916 fueris
482 849 565 916 ad
616 848 1045 935 prestandum
1107 848 1189 914 de
1260 848 1699 916 observandis
1771 849 2030 915 statutis
2100 852 2165 915 et
2233 848 2834 915 consuetudinibus
2905 847 3208 915 eiusdem

228 957 508 1023 ecclesie
571 957 840 1023 solitum
910 957 1375 1034 iuramentum,
1445 955 1819 1023 dummodo
1870 956 1935 1021 in
1986 956 2300 1023 absencia
2348 946 2460 1021 tua
2531 973 2650 1041 per
2718 957 3208 1040 procuratorem

226 1063 574 1150 ydoneum
625 1066 710 1141 et,
759 1081 908 1129 cum
960 1061 1042 1128 ad
1092 1062 1439 1129 ecclesiam
1491 1063 1705 1147 ipsam
1777 1064 2156 1142 accesseris,
2227 1062 2658 1147 corporaliter
2723 1061 2883 1128 illud
2934 1065 3208 1147 prestes.

230 1170 364 1235 Aut
422 1169 606 1255 quod
671 1170 1069 1236 beneficium
1120 1169 1637 1237 ecclesiasticum
1687 1188 1837 1236 cum
1887 1188 2043 1237 cura
2090 1171 2193 1237 vel
2245 1170 2389 1236 sine
2438 1188 2591 1237 cura
2639 1168 2722 1235 ad
2771 1168 3209 1235 collacionem

229 1278 337 1343 vel
396 1278 970 1362 presentacionem
1017 1275 1404 1343 dilectorum
1438 1277 1729 1343 filiorum
1783 1329 1796 1344 .
1851 1329 1864 1342 .
1918 1328 1930 1343 .
1982 1276 2258 1344 Abbatis
2292 1280 2357 1343 et
2390 1276 2784 1343 Conventus
2818 1275 3209 1342 Monasterii

228 1382 606 1450 Tinciensis
700 1382 954 1449 ordinis
1049 1382 1272 1450 Sancti
1367 1384 1729 1463 Benedicti,
1801 1382 2269 1451 Cracoviensis
2363 1383 2676 1462 diocesiS,
2756 1400 2874 1467 per
2963 1382 3211 1448 litteras

230 1490 505 1575 predicti
577 1490 1069 1576 predecessoris
1143 1490 1351 1556 nostri
1423 1490 1763 1557 Benedicti
1826 1491 2126 1557 nosceris
2189 1493 2552 1575 expectare.
2646 1488 2828 1555 Nulli
2877 1506 3039 1574 ergo
3089 1491 3208 1555 etc.

442 1615 688 1682 Datum
793 1614 971 1700 apud
1064 1614 1305 1681 Villam
1412 1614 1675 1681 Novam
1769 1614 2245 1681 Avinionensis
2338 1613 2629 1681 diocesis
2723 1615 2957 1698 quarto
3050 1631 3209 1679 non.

230 1721 646 1807 Septembris
695 1740 874 1788 anno
924 1720 1160 1806 prim0.

442 1847 508 1912 ln
594 1845 835 1912 eodem
901 1844 1107 1911 modo
1174 1883 1256 1891 —
1314 1845 1693 1913 Venerabili
1750 1846 1927 1912 fratri
1980 1897 1993 1912 .
2046 1897 2059 1912 .
2112 1898 2126 1911 .
2177 1845 2518 1932 Episcopo
2613 1843 3055 1912 Csanadiensi
3148 1847 3212 1910 et

234 1952 492 2019 dilectis
554 1953 709 2019 filiis
761 2004 774 2019 .
828 2003 841 2018 .
894 2003 907 2017 .
973 1951 1193 2018 Sancti
1240 1952 1578 2019 Vincencii
1635 1956 1699 2019 et
1748 2004 1761 2019 .
1814 2004 1828 2019 .
1882 2005 1895 2020 .
1961 1952 2197 2020 Sancte
2251 1953 2459 2019 Marie
2512 1954 2577 2018 in
2644 1970 2863 2031 arena,
2921 1951 3210 2018 diocesis

228 2059 816 2139 WratislauiensiS,
867 2062 1421 2127 monasteriorum
1472 2062 1849 2142 abbatibuS,
1899 2062 2178 2127 salutem
2229 2063 2349 2127 etc.

439 2184 683 2250 Datum
734 2187 803 2250 ut
850 2203 1048 2270 supra
1094 2224 1183 2232 —

235 2629 371 2683 1349
408 2629 553 2683 ,lunii
599 2630 641 2684 1.
1661 2525 1785 2604 28⁸

229 2717 360 2789 Reg.
400 2717 575 2772 Aven.
616 2717 787 2772 Clem.
827 2718 911 2772 VI.
952 2722 986 2773 t.
1025 2718 1095 2773 54
1135 2718 1224 2774 fol.
1271 2721 1385 2774 119.

445 2879 707 2946 Dilecto
756 2879 897 2947 filio
946 2879 1246 2948 Amoldo
1294 2880 1377 2947 de
1427 2879 1743 2961 Causina,
1791 2883 2122 2950 canonico
2156 2883 2704 2962 Wratislauiensi,
2753 2882 3034 2950 salutem
3086 2884 3204 2950 etc.

443 3004 844 3071 Honestas
896 3024 1193 3071 morum
1253 3009 1317 3072 et
1365 3007 1495 3072 vite
1546 3007 1809 3092 aliaque
1858 3010 1967 3074 tue
2017 3009 2366 3093 probitatis
2414 3009 2663 3087 merita,
2714 3025 2915 3093 super
2962 3007 3209 3092 quibus

231 3111 410 3197 apud
481 3130 609 3177 nos
681 3111 1173 3197 fidedignorum
1241 3114 1628 3180 testimonio
1700 3115 2213 3195 commendaris,
2287 3117 2678 3200 exposcunt,
2731 3118 2798 3179 ut
2846 3132 3204 3199 personam

231 3221 411 3285 tuam
474 3219 698 3285 favore
769 3221 1146 3304 apostolico
1214 3223 1698 3306 prosequentes
1767 3221 1887 3287 tibi
1959 3221 2311 3288 reddamur
2379 3221 2461 3287 ad
2532 3221 2819 3306 graciam
2879 3220 3205 3286 liberales.

229 3324 505 3391 Dudum
579 3325 911 3410 siquidem
999 3345 1238 3393 omnes
1320 3329 1752 3395 canonicatus
1848 3330 1910 3394 et
2003 3328 2378 3414 prebendas
2455 3331 2805 3412 ceteraque
2883 3327 3208 3394 beneficia

231 3432 677 3499 ecclesiastica
726 3436 883 3499 tunc
931 3433 1108 3518 apud
1159 3434 1386 3499 sedem
1437 3436 1876 3519 apostolicam
1928 3436 2236 3502 vacancia
2292 3438 2356 3501 et
2411 3435 2847 3520 imposterum
2902 3436 3205 3504 vacatura

228 3538 584 3605 collacioni
634 3541 695 3605 et
743 3539 1184 3625 disposicioni
1249 3546 1471 3608 nostre
1542 3543 1914 3627 specialiter
1983 3545 2411 3621 reservantes,
2461 3541 2878 3608 decernimus
2928 3559 3009 3606 ex
3054 3544 3210 3607 tunc

232 3645 482 3711 irritum
534 3649 599 3711 et
646 3647 863 3725 inane,
914 3648 970 3712 si
1019 3665 1211 3713 secus
1261 3666 1460 3733 super
1507 3649 1633 3715 hiis
1683 3668 1719 3715 a
1768 3667 2135 3734 quoquam,
2187 3649 2422 3734 quavis
2471 3649 2882 3726 auctoritate,
2932 3649 3213 3715 scienter

231 3754 334 3818 vel
386 3754 771 3838 ignoranter
836 3754 1186 3839 contigerit
1234 3756 1622 3840 attemptari,
1693 3775 1767 3823 ac
1837 3755 2080 3822 deinde
2130 3756 2632 3834 declaravimus,
2703 3758 2929 3821 nostre
3001 3754 3208 3820 fuisse

231 3859 631 3926 intencionis
681 3863 746 3926 et
802 3877 974 3940 esse,
1047 3879 1285 3927 omnes
1356 3862 1743 3929 huiusmodi
1815 3863 2246 3929 canonicatus
2294 3866 2358 3928 et
2413 3862 2788 3947 prebendas
2858 3864 3209 3946 ceteraque

231 3966 558 4032 beneficia
629 3966 1075 4034 ecclesiastica
1147 3986 1577 4054 quocumque
1649 3969 1857 4035 modo
1919 3966 2272 4035 collacioni
2349 3972 2574 4035 nostre
2643 3968 3037 4054 generaliter
3105 3967 3209 4033 vel

231 4073 609 4158 specialiter
633 4077 980 4154 reservata,
1031 4093 1162 4160 que
1210 4093 1328 4161 per
1373 4094 1501 4141 nos
1546 4076 2084 4161 quibuscumque
2119 4078 2425 4161 personis
2460 4075 2739 4142 conferri
2772 4077 3208 4161 contingeret,

230 4181 284 4246 si
321 4198 647 4264 personas
675 4180 969 4260 easdem,
1006 4183 1253 4267 quibus
1280 4181 1515 4249 eadem
1543 4183 1868 4249 beneficia
1894 4183 2362 4262 conferrentur,
2396 4184 2783 4268 priusquam
2802 4182 3208 4249 collaciones

231 4290 457 4353 nostre
489 4286 875 4353 huiusmodi
908 4289 1039 4354 sint
1080 4288 1267 4367 facte,
1317 4307 1435 4374 per
1466 4289 1894 4374 adeptionem
1928 4291 2386 4375 possessionis
2422 4290 2693 4376 pacifice
2728 4289 3206 4356 beneficiorum

231 4394 533 4478 ipsorum
584 4411 779 4459 suum
829 4398 1055 4461 essent
1103 4397 1328 4461 sortite
1378 4396 1705 4475 effectum,
1766 4398 1965 4463 rebus
2014 4397 2211 4463 eximi
2275 4399 2690 4482 contingeret
2739 4397 2824 4463 ab
2875 4396 3206 4475 humaniS,

230 4499 451 4566 donec
499 4518 616 4584 per
661 4519 787 4566 nos
837 4501 920 4566 de
970 4501 1099 4567 illis
1148 4502 1488 4587 provisum
1553 4503 1860 4569 existeret
1921 4506 2280 4589 nostreque
2338 4505 2761 4589 provisiones
2821 4502 3207 4569 huiusmodi

231 4624 349 4691 per
409 4605 836 4691 adeptionem
902 4610 1261 4693 predictam
1325 4609 1711 4676 huiusmodi
1774 4611 2231 4695 possessionis
2290 4611 2563 4696 pacifice
2637 4610 2909 4695 plenum
2984 4614 3210 4676 essent

228 4713 456 4779 sortite
527 4713 854 4794 effectum,
927 4717 1053 4782 sub
1125 4719 1351 4782 nostra
1424 4718 1881 4783 reservacione
1949 4718 2334 4784 huiusmodi
2387 4734 2724 4783 remanere
2788 4717 2993 4783 libere
3041 4719 3210 4783 sicut

229 4821 435 4904 prius.
582 4818 753 4887 Cum
879 4823 1103 4907 itaque
1230 4823 1665 4908 postmodum
1773 4824 2206 4891 canonicatus
2322 4829 2383 4890 et
2485 4823 2822 4910 prebenda
2930 4824 3207 4890 ecclesie

227 4926 810 5006 WratislauiensiS,
891 4946 1067 5013 quos
1146 4929 1490 5014 quondam
1569 4930 1924 4997 Wernerus
2003 4931 2085 4997 de
2156 4930 2485 5009 Chinelik,
2558 4930 2857 4997 eiusdem
2930 4931 3208 4998 ecclesie

228 5034 617 5112 canonicus,
690 5033 847 5099 dum
898 5036 1167 5114 viveret,
1239 5037 1582 5102 obtinebat
1654 5056 1771 5122 per
1839 5039 2094 5104 obitum
2146 5038 2447 5104 eiusdem
2496 5038 2810 5117 Werneri,
2861 5039 2974 5124 qui
3025 5038 3204 5123 apud

229 5141 460 5206 sedem
509 5140 866 5225 predictam
909 5141 1085 5208 diem
1110 5143 1346 5208 clausit
1378 5148 1762 5222 extremum,
1797 5149 1954 5211 tunc
1984 5145 2162 5230 apud
2198 5145 2478 5211 eandem
2517 5144 2744 5211 sedem
2769 5146 3204 5224 vacavissent,

229 5267 355 5314 nos
406 5246 750 5332 quondam
800 5246 1041 5327 Pasol‹‚
1092 5252 1249 5316 nato
1298 5249 1516 5316 dilecti
1566 5250 1683 5315 filii
1716 5251 2024 5318 Nicholai
2073 5252 2350 5318 Palatini
2407 5250 2819 5332 Calisiensis‚
2878 5253 3204 5319 canonico

229 5355 777 5434 Wratislauiensi,
850 5354 933 5421 de
983 5355 1175 5422 dictis
1259 5358 1654 5424 canonicatu
1727 5361 1792 5424 et
1862 5359 2201 5444 prebenda
2267 5360 2361 5426 sic
2428 5360 2818 5426 vacantibus
2892 5359 3204 5426 duximus
