3688 5825
1981 252 2064 315 34

734 464 861 530 Die
895 464 1000 529 22.
1037 463 1219 549 Sept.
1263 463 1430 529 1336
1463 462 1865 530 Benedictus
1895 462 2022 529 XII.
2066 481 2183 548 per
2228 462 2778 529 constitutionem
2835 458 3190 536 „Dudum
3239 466 3437 526 nos·‘
3465 458 3514 544 1)

530 572 912 638 occurrebat
959 570 1323 649 fraudibuS,
1375 588 1548 655 quae
1596 589 1632 636 a
1683 569 2028 635 nonnullis
2076 568 2661 636 committebantur
2706 568 2934 634 contra
2992 567 3512 633 reservationem

529 677 1030 756 beneficiorum,
1073 677 1449 743 vacantium
1486 695 1605 762 per
1651 676 2142 742 assecutionem
2179 675 2459 741 aliorum
2509 673 3230 759 incompatibilium
3280 674 3515 758 vigore

528 785 766 870 capitis
799 782 938 860 „Ad
966 784 1329 869 regimem.
1409 782 1693 868 Saepius
1720 783 1851 849 iam
1877 783 2122 849 factum
2151 784 2305 861 erat,
2344 783 2413 847 ut
2439 799 2787 866 personae,
2823 781 3070 865 quibus
3096 797 3215 865 per
3238 780 3514 846 Litteras

530 890 953 977 Apostolicas
1002 890 1085 956 de
1134 890 1489 957 secundo
1538 890 1765 975 aliquo
1814 889 2144 956 beneficio
2195 888 2412 955 adhuc
2442 889 2816 965 vacaturo
2859 887 2980 953 fuit
3013 887 3378 972 provisum,
3429 906 3515 954 ne

532 999 748 1083 priora
840 997 1162 1064 beneficia
1234 996 1559 1063 dimittere
1629 998 2043 1081 cogerentur,
2117 996 2244 1061 illis
2315 1013 2404 1061 sc.
2486 995 2668 1079 prius
2748 992 3061 1072 obtentiS,
3145 995 3513 1079 antequam

531 1104 702 1171 dicta
773 1104 1065 1171 secunda
1138 1104 1461 1170 beneficia
1532 1102 1616 1169 de
1684 1104 1859 1169 facto
1929 1102 2033 1168 vel
2105 1102 2188 1168 de
2257 1103 2395 1168 iure
2450 1103 2776 1179 vacarent,
2850 1100 3232 1185 simpliciter
3277 1100 3384 1165 vel
3433 1118 3517 1166 ex

531 1230 733 1278 causa
803 1212 1311 1297 permutationis
1383 1211 1449 1277 in
1523 1211 1833 1276 manibus
1907 1208 2241 1278 Ordinarii
2315 1208 2762 1275 renuntiarent
2806 1245 2895 1254 —
2944 1207 3050 1285 Ita,
3123 1209 3191 1271 ut
3238 1207 3305 1272 in
3354 1225 3516 1273 casu

529 1317 895 1384 vacationis
974 1318 1450 1384 beneficiorum
1531 1317 1615 1384 ab
1692 1317 1858 1402 ipsis
1936 1318 2467 1401 exspectatorum
2541 1315 2833 1400 priora,
2907 1314 2971 1379 vi
3056 1313 3289 1399 capitis
3375 1312 3516 1389 „Ad

532 1425 868 1510 regimen“
945 1424 1371 1510 dispositioni
1421 1422 1615 1490 Sedis
1662 1422 2091 1509 Apostolicae
2149 1425 2497 1501 reservata,
2569 1421 2663 1487 de
2732 1421 2942 1488 facto
3014 1439 3151 1487 non
3223 1419 3518 1505 amplius

460 1552 465 1557 ·
534 1532 976 1617 possiderent.
1082 1531 1192 1598 Sic
1271 1550 1560 1616 magnus
1638 1549 1957 1597 numerus
2045 1530 2526 1596 beneficiorum
2576 1529 2740 1595 alias
2802 1527 3232 1612 dispositioni
3284 1525 3518 1593 Sedis

532 1637 1056 1725 Apostolicae
1107 1641 1587 1705 reservatorum
1638 1656 1675 1704 a
1706 1637 2141 1704 collatoribus
2176 1636 2614 1702 ordinariis
2649 1636 2715 1701 in
2749 1634 3049 1701 fraudem
3084 1634 3242 1700 dicti
3277 1634 3517 1719 capitis

540 1744 677 1821 „Ad
728 1747 1066 1830 regimen“
1122 1746 1337 1832 potuit
1383 1745 1685 1812 conferri.
1782 1744 2191 1810 Huiusmodi
2241 1743 2851 1811 machinationibus
2892 1740 3135 1808 illicitis
3170 1740 3518 1813 Romanus

532 1851 839 1919 Pontifex
911 1871 1027 1938 per
1082 1854 1721 1938 supramemoratam
1780 1852 2325 1919 constitutionem
2376 1849 2614 1916 indixit
2684 1849 3039 1915 terminum
3089 1846 3518 1925 declarando,

534 1959 708 2025 dicta
758 1960 1018 2044 priora
1066 1959 1393 2026 beneficia
1428 1977 1565 2026 non
1601 1958 2025 2025 obstantibus
2059 1957 2629 2042 resignationibus
2671 1956 2775 2022 vel
2809 1953 3414 2040 permutationibus
3450 1953 3517 2018 in

534 2065 832 2133 fraudem
914 2065 1094 2151 legis·
1176 2066 1364 2132 factis
1452 2084 1790 2132 remanere
1871 2066 2199 2131 reservata
2276 2063 2706 2148 dispositioni
2785 2060 3069 2135 Romani
3145 2058 3518 2137 Pontificis,

536 2171 851 2238 adiuncto
923 2174 1200 2258 insuper
1264 2172 1526 2239 decreto
1598 2173 1907 2238 irritante.
2024 2170 2264 2237 Postea
2335 2187 2490 2235 vero
2563 2187 2652 2235 sc.
2725 2168 2833 2234 die
2899 2167 3004 2233 23.
3070 2165 3278 2252 Oct.²)
3344 2185 3400 2232 e.
3459 2184 3518 2231 a.

536 2278 870 2364 praefatus
928 2279 1273 2353 Romanus
1322 2279 1628 2345 Pontifex
1676 2278 1931 2345 addidit
2000 2277 2516 2344 declarationem
2589 2275 2927 2361 quandam
3000 2273 3198 2340 huius
3274 2272 3520 2339 decreti

537 2386 913 2465 statuendo,
1018 2388 1275 2471 priora
1371 2386 1480 2452 illa
1572 2385 1920 2464 beneficia,
2014 2384 2273 2450 etiamsi
2346 2385 2497 2449 ante
2575 2382 3066 2449 assecutionem
3154 2380 3518 2466 praefatam

538 2511 1037 2578 quocumque
1087 2492 1319 2560 modo
1367 2494 1693 2571 vacarent,
1743 2491 2051 2559 habenda
2101 2509 2251 2557 esse
2300 2489 2580 2557 omnino
2629 2489 2934 2555 affecta.

752 2618 957 2699 Quod
1009 2618 1090 2683 ad
1140 2618 1656 2684 reservationem
1706 2616 2191 2703 generalem,
2253 2615 2733 2683 beneficiorum
2785 2615 2851 2679 in
2900 2612 3407 2699 Aquilegien.
3456 2612 3521 2677 et

539 2722 870 2791 Graden.
924 2724 1471 2810 patriarchatibus
1506 2727 1568 2790 et
1602 2725 1668 2790 in
1710 2723 2244 2801 Mediolanen.
2291 2722 2620 2789 Januen.
2676 2721 3205 2794 Ravennaten.
3251 2736 3518 2785 necnon

538 2830 798 2897 Pisan.
878 2832 1241 2918 provinciis
1320 2832 1568 2909 attinet,
1632 2832 1763 2897 iam
1843 2849 2043 2916 supra
2115 2828 2503 2896 adnotatum
2576 2831 2695 2907 est,
2775 2828 2842 2893 in
2914 2826 3106 2894 dictis
3177 2825 3520 2892 territoriis

540 2938 927 3006 huiusmodi
1001 2940 1481 3006 reservationes
1529 2939 1764 3005 ultimo
1836 2937 1988 3004 loco
2060 2937 2167 3003 die
2228 2936 2335 3003 28.
2383 2936 2604 3002 Martii
2675 2934 2842 3000 1333
2890 2953 2927 3000 a
2972 2933 3283 3000 ,Iohanne
3330 2933 3518 2999 XXII.

538 3045 744 3111 fuisse
821 3046 1045 3125 factaS,
1097 3064 1301 3131 quare
1350 3045 1638 3131 praefata
1710 3044 2070 3111 reservatio
2148 3042 2543 3128 generalis
2591 3040 3043 3109 a·Benedicto
3103 3039 3228 3105 XII.
3282 3039 3518 3106 saltem

539 3150 647 3217 die
695 3152 801 3217 28.
848 3153 1067 3218 Martii
1124 3152 1290 3218 1335
1340 3154 1378 3218 i.
1431 3171 1485 3218 e.
1536 3153 1620 3218 ab
1684 3152 1871 3217 initio
1921 3151 2024 3217 sui
2083 3150 2509 3234 pontificatus
2556 3148 2791 3215 fuisset
2839 3145 3283 3233 proroganda.
3387 3144 3519 3213 Sed

542 3258 609 3323 in
730 3258 1050 3343 RegistriS
1151 3259 1548 3326 authenticis
1651 3258 1807 3325 dicti
1908 3256 2257 3324 Pontificis
2359 3256 2498 3322 sive
2598 3255 2666 3321 in
2772 3253 3108 3321 Vaticanis
3218 3253 3359 3319 sive
3453 3253 3524 3328 in

539 3353 1132 3432 Avenionensibus
1247 3366 1543 3432 nullam
1666 3364 1884 3431 adhuc
2000 3364 2398 3448 investigare
2515 3362 2700 3447 potui
2795 3361 3337 3447 prorogationem
3431 3397 3522 3407 —-

543 3472 976 3538 solummodo
1079 3472 1145 3538 in
1245 3473 1720 3540 constitutione
1820 3469 2189 3537 Clementis
2287 3469 2391 3535 VI.
2492 3470 2621 3535 iam
2716 3487 2914 3553 supra
3002 3467 3347 3533 nominata
3428 3485 3517 3533 sc.

548 3578 1071 3656 „Sollicitudo
1110 3580 1581 3665 pastoralis“
1607 3578 1937 3646 narrando
1967 3578 2159 3663 quasi
2178 3577 2518 3661 allegatur,
2536 3574 3132 3652 BenedictumXII.,
3151 3574 3232 3640 ad
3251 3573 3519 3640 culmen

542 3685 973 3771 Apostolicae
1022 3686 1365 3772 dignitatis
1414 3688 1856 3771 assumptum,
1922 3683 2585 3752 confirmationes
2633 3681 2982 3748 omnium
3033 3681 3518 3747 electionum

548 3812 754 3879 „quas
847 3794 928 3859 ad
1024 3812 1484 3879 quascumque
1576 3792 1986 3861 cathedrales
2065 3794 2129 3857 et
2203 3790 2592 3875 collegiatas
2670 3788 2985 3855 ecclesias
3039 3787 3408 3854 saeculares
3458 3791 3522 3852 et

542 3900 877 3985 regulares
946 3900 1265 3967 dictarum
1338 3900 1674 3967 civitatum
1738 3902 1802 3965 et
1850 3898 2179 3965 dioecesis
2228 3916 2304 3964 ac
2350 3897 2735 3983 provinciae
2780 3894 3314 3963 Mediolanen.
3362 3897 3522 3961 tunc

540 4005 852 4073 vacantes
963 4009 1026 4073 et
1119 4008 1184 4072 in
1279 4011 1472 4073 antea
1564 4009 1909 4074 vacaturas
2001 4005 2315 4072 celebrari
2408 4005 2860 4090 contingeret“
2960 4001 3364 4069 ordinationi
3457 4004 3523 4068 et

543 4114 973 4200 dispositioni
1045 4133 1206 4181 suae
1271 4133 1347 4181 ac
1396 4113 1591 4181 Sedis
1661 4112 1961 4180 eiusdem
2034 4131 2185 4179 cum
2254 4111 2761 4196 interpositione
2832 4109 3070 4175 decreti
3121 4126 3517 4175 reservasse.

667 4380 712 4448 1)
751 4379 879 4450 Reg.
917 4379 1036 4434 Vat.
1075 4380 1112 4434 t.
1156 4378 1256 4433 122
1292 4377 1383 4434 fol.
1426 4377 1579 4434 14t0.

757 4467 894 4522 Cod.
934 4467 994 4523 B.
1034 4468 1124 4522 fol.
1164 4467 1249 4523 85.

757 4557 943 4627 Magn.
982 4556 1120 4611 Bull.
1161 4556 1311 4617 Rom.
1351 4557 1383 4611 l.
1424 4572 1468 4611 c.
1508 4573 1559 4627 p.
1598 4556 1720 4613 390.

673 4664 718 4734 ²)
758 4662 895 4718 Cod.
935 4662 994 4718 B.
1034 4662 1125 4718 fol.
1163 4663 1249 4719 93.

757 4752 894 4808 Cod.
933 4752 999 4807 V.
1038 4751 1128 4807 fol.
1167 4752 1253 4808 81.

760 4841 818 4897 P.
856 4840 963 4896 VII.
1003 4839 1074 4896 n⁰
1110 4841 1194 4897 21.

756 4930 814 4986 ln
852 4932 1094 5002 margine
1131 4929 1352 4985 Codicis
1389 4930 1448 4985 B.
1488 4933 1772 4986 excurrunt
1808 4932 1945 4986 haec
1981 4930 2170 4985 verba:

757 5019 996 5074 Similem
1038 5020 1131 5087 (sc.
1171 5019 1606 5089 declarationem)
1645 5020 1770 5075 fecit
1808 5021 2062 5075 dominus
2100 5019 2440 5074 Innocentius
2480 5019 2623 5088 (vi).

758 5108 1000 5164 Similem
1039 5108 1163 5163 fecit
1200 5108 1454 5162 dominus
1490 5108 1741 5164 Urbanus
1781 5110 1846 5165 V.
1908 5109 1964 5164 11.
2004 5109 2144 5163 Non.
2183 5108 2516 5178 Septembris
2554 5122 2697 5163 anno
2734 5109 2926 5178 primo.

756 5199 887 5253 Item
925 5199 1157 5253 similem
1195 5198 1449 5253 dominus
1488 5199 1783 5271 Gregorius
1821 5199 1966 5268 Papa
2002 5197 2085 5252 XI.

759 5318 824 5326 -
866 5302 1005 5358 quae
1041 5289 1205 5344 verba
1244 5289 1422 5342 omnia
1464 5288 1660 5344 desunt
1697 5291 1749 5343 in
1790 5287 1929 5343 Cod.
1966 5287 2031 5342 V.
