3688 5825
1707 276 1789 337 55

265 481 575 564 ubilibet;
642 502 905 550 necnon
925 484 1004 571 ¹⁰)
1076 484 1132 551 si
1198 484 1421 551 forsan
1491 486 1787 571 tempore
1860 485 1990 551 iam
2064 483 2217 551 dicti
2291 484 2825 571 praedecessoris
2895 484 3102 570 aliqui
3175 485 3241 551 in

264 590 623 657 concordia
692 591 797 658 vel
863 591 1195 658 discordia
1265 591 1455 658 electi
1513 592 1617 659 vel
1666 592 1984 678 postulati
2032 592 2293 672 fuerint,
2366 611 2651 677 quorum
2702 593 2937 659 electio
2984 595 3242 659 cassata

264 715 382 764 seu
452 698 815 783 postulatio
874 699 1138 785 repulsa
1196 698 1304 765 vel
1366 717 1484 784 per
1543 717 1662 766 eos
1709 699 1877 766 facta
1940 700 2351 766 renunciatio
2402 703 2466 765 et
2512 699 2806 766 admissa
2856 718 2973 785 per
3021 699 3241 784 ipsum

265 805 849 891 praedecessorem
912 805 1017 873 vel
1064 806 1450 873 auctoritate
1521 807 1736 892 ipsius
1806 806 2170 873 exstiterint
2229 825 2348 873 seu
2400 825 2684 892 quorum
2734 806 3090 873 electorum
3138 805 3243 871 vel

265 912 752 998 postulatorum
812 917 876 980 et
924 914 991 979 in
1040 916 1233 980 antea
1304 913 1765 1000 eligendorum
1816 933 1935 981 seu
1986 913 2540 1000 postulandorum
2590 931 2666 980 ac
2713 913 3242 980 renunciantium

263 1019 661 1087 electionem
719 1021 963 1088 cassari
1009 1021 1116 1087 vel
1167 1021 1688 1107 postulationem
1738 1021 1968 1108 repelli
2031 1025 2144 1087 aut
2192 1022 2764 1088 renunciationem
2818 1020 3074 1087 admitti
3129 1038 3246 1106 per

265 1145 395 1193 nos
463 1127 570 1194 vel
641 1128 1026 1195 auctoritate
1097 1130 1323 1196 nostra
1393 1129 1909 1215 contingeretll)
1973 1128 2152 1214 apud
2197 1128 2427 1195 sedem
2479 1127 2882 1214 praedictam
2930 1128 3037 1193 vel
3085 1128 3242 1195 alibi

265 1234 679 1321 ubicunque;
751 1254 827 1302 ac
897 1236 1096 1302 etiam
1169 1254 1288 1321 per
1356 1236 1613 1303 obitum
1685 1235 2119 1302 cardinalium
2184 1235 2484 1302 eiusdem
2534 1235 2854 1303 ecclesiae
2902 1234 3244 1308 Romanae

263 1359 339 1408 ac
410 1341 797 1409 officialium
870 1342 1083 1409 dictae
1155 1342 1337 1410 sedis
1406 1343 1715 1410 videlicet
1770 1343 2130 1421 camerarii,
2201 1342 2740 1421 vicecancellarii,
2812 1341 3242 1416 notariorum,

263 1446 643 1515 auditorum
692 1448 1024 1516 literarum
1073 1449 1624 1517 contradictarum
1675 1454 1738 1516 et
1771 1450 2123 1535 apostolici
2174 1450 2399 1536 palatii
2443 1468 2790 1516 causarum
2841 1448 3241 1527 auditorum,

260 1557 701 1623 correctorum
723 1555 801 1642 12)
879 1560 944 1623 et
1019 1556 1412 1642 scriptorum
1490 1557 1822 1623 literarum
1905 1557 2419 1643 apostolicarum
2500 1575 2575 1623 ac
2652 1556 3142 1641 poenitentiarii
3164 1556 3242 1641 13)

264 1662 597 1747 praefatae
691 1662 872 1730 sedis
982 1682 1058 1730 ac
1150 1664 1685 1731 abbreviatorum
1800 1681 2064 1730 necnon
2158 1664 2712 1731 commensalium
2807 1666 2872 1729 et
2961 1663 3240 1729 aliorum

264 1770 720 1855 quorumlibet
767 1770 1263 1857 capellanorum
1314 1770 1496 1839 sedis
1545 1771 1848 1838 eiusdem
1899 1773 1963 1837 et
2009 1771 2208 1837 etiam
2260 1789 2814 1856 quorumcunque
2871 1770 3240 1856 legatorum

265 1876 405 1942 sive
423 1875 506 1963 l⁴)
554 1877 938 1943 nuntiorum
989 1896 1064 1944 ac
1111 1878 1178 1944 in
1227 1878 1414 1945 terris
1464 1878 1783 1945 ecclesiae
1832 1877 2176 1951 Romanae
2225 1880 2549 1944 rectorum
2586 1881 2650 1944 et
2681 1876 3240 1944 thesaurariorum

264 2002 380 2069 per
451 1983 699 2050 dictum
768 1983 1100 2051 Joannem
1173 1984 1756 2072 praedecessorem
1827 1985 1933 2051 vel
1996 2003 2123 2051 nos
2181 1984 2557 2070 specialiter
2603 1984 3072 2069 deputatorum
3121 2002 3240 2049 seu

264 2091 622 2157 missorum
672 2091 991 2159 hactenus
1038 2093 1144 2158 vel
1182 2111 1220 2158 a
1268 2093 1467 2159 nobis
1515 2091 2049 2179 deputandorum
2099 2095 2209 2157 aut
2257 2091 2732 2158 mittendorum
2776 2091 2842 2157 in
2878 2093 3240 2177 posterum,

262 2216 443 2264 nunc
511 2198 812 2265 vacantia
884 2202 950 2265 et
1020 2200 1087 2265 in
1136 2203 1331 2266 antea
1377 2202 1704 2278 vacatura,
1777 2199 2162 2284 ubicunque
2235 2198 2449 2265 dictos
2498 2199 2756 2285 legatos
2803 2198 2910 2264 vel
2958 2197 3243 2264 nuncios

263 2322 381 2370 seu
446 2307 732 2373 rectores
794 2309 907 2373 aut
952 2307 1421 2386 thesaurarios,
1485 2310 1847 2391 antequam
1912 2305 1995 2372 ad
2045 2305 2414 2379 Romanam
2464 2305 2710 2371 curiam
2761 2304 3073 2370 redierint
3122 2322 3239 2371 seu

260 2412 584 2491 venerint,
672 2414 869 2481 rebus
955 2414 1155 2480 eximi
1232 2414 1586 2499 contigerit
1656 2413 1740 2479 ab
1818 2412 2166 2491 humanis;
2245 2430 2508 2479 necnon
2590 2411 3042 2497 quorumlibet
3121 2429 3239 2496 pro

263 2518 780 2605 quibuscunque
876 2520 1168 2606 negotiis
1238 2519 1322 2587 ad
1415 2519 1786 2593 Romanam
1880 2519 2127 2585 curiam
2222 2520 2633 2585 venientium
2726 2537 2846 2585 seu
2868 2520 2946 2603 15)
3043 2518 3239 2584 etiam

262 2625 715 2692 recedentium
789 2628 873 2694 ab
939 2627 1198 2707 eadem,
1269 2628 1325 2694 si
1398 2627 1463 2692 in
1535 2626 1701 2693 locis
1762 2645 1799 2692 a
1849 2625 2021 2693 dicta
2071 2626 2249 2692 curia
2296 2626 2461 2693 ultra
2511 2625 2679 2692 duas
2730 2625 2942 2691 dietas
2991 2624 3241 2710 legales

263 2750 401 2798 non
466 2732 867 2801 distantibus
929 2734 1059 2800 iam
1121 2734 1344 2800 forsan
1417 2733 1704 2799 obierint
1724 2732 1801 2819 16)
1871 2732 1977 2799 vel
2026 2750 2146 2799 eos
2196 2733 2262 2799 in
2311 2736 2506 2799 antea
2552 2733 2826 2799 transire
2888 2732 3242 2817 contigerit

262 2838 344 2905 de
395 2839 519 2907 hac
566 2840 734 2921 luce,
783 2859 858 2907 ac
906 2841 1104 2907 etiam
1155 2840 1355 2907 simili
1405 2839 1610 2906 modo
1668 2857 2224 2926 quorumcunque
2271 2840 2614 2907 curialium
2665 2837 3239 2926 peregrinationiS‚

262 2947 685 3028 infirmitatiS,
756 2953 867 3015 aut
937 2949 1363 3016 recreationis
1434 2966 1552 3014 seu
1625 2947 1751 3014 alia
1824 2966 2229 3032 quacunque
2300 2967 2499 3014 causa
2578 2947 2662 3013 ad
2742 2946 3019 3032 quaevis
3094 2945 3241 3012 loca

260 3055 741 3135 secedentium,
769 3057 824 3123 si
854 3054 995 3142 [eos
1015 3054 1115 3142 1⁷)]
1145 3059 1503 3140 antequam
1531 3053 1615 3121 ad
1651 3053 1895 3121 dictam
1930 3055 2177 3121 curiam
2209 3054 2541 3133 redierint,
2574 3055 2640 3120 in
2675 3054 2841 3120 locis
2876 3054 3042 3119 ultra
3073 3051 3241 3119 duas

258 3162 472 3230 dietas
542 3165 626 3229 ab
698 3162 932 3230 eadem
1003 3164 1202 3241 curia,
1278 3161 1377 3247 (ut
1441 3160 1925 3247 praemittitur,)
1996 3179 2134 3227 non
2206 3162 2499 3240 remotis,
2563 3159 2935 3227 dummodo
3009 3177 3238 3225 eorum

260 3270 602 3356 proprium
668 3269 1080 3336 domicilium
1145 3287 1282 3335 non
1345 3268 1619 3335 exsistat
1669 3267 1941 3347 ibidem,
2013 3269 2146 3334 iam
2194 3268 2468 3335 forsitan
2521 3267 2946 3346 decesserint,
3019 3266 3122 3332 vel
3173 3267 3238 3331 in

260 3379 601 3462 posterum
628 3394 747 3444 eos
773 3377 1125 3462 contigerit
1148 3375 1232 3442 de
1252 3375 1477 3441 medio
1496 3375 1902 3453 submoveri,
1929 3393 2106 3442 nunc
2125 3393 2240 3461 per
2255 3375 2513 3441 obitum
2534 3373 2921 3441 huiusmodi
2940 3372 3242 3440 vacantia

260 3487 324 3549 et
372 3484 441 3549 in
485 3485 825 3569 posterum
882 3485 1215 3563 vacatura;
1265 3501 1488 3549 rursus
1538 3482 1960 3560 monasteria,
2019 3482 2368 3567 prioratuS,
2418 3481 2802 3560 decanatus,
2851 3480 3239 3565 dignitateS,

266 3592 685 3677 personatus,
758 3590 1390 3669 administrationeS,
1461 3588 1702 3666 officia,
1773 3588 2227 3666 canonicatus,
2301 3587 2717 3674 praebendas
2783 3589 2847 3653 et
2903 3587 3239 3665 ecclesiaS,

261 3701 611 3783 ceteraque
673 3697 1000 3764 beneficia
1062 3696 1528 3774 ecclesiastica,
1594 3694 1954 3761 saecularia
2021 3698 2084 3761 et
2155 3695 2479 3781 regularia
2541 3713 2691 3762 cum
2740 3712 2894 3760 cura
2941 3693 3045 3759 vel
3095 3694 3239 3759 sine

262 3823 436 3885 cura,
532 3822 974 3890 quaecunque
1067 3807 1132 3871 et
1225 3803 1717 3889 qualiacunque
1820 3801 2080 3880 fuerint,
2175 3802 2435 3868 etiamsi
2529 3800 2613 3878 ad
2709 3800 2817 3866 illa
2911 3818 3239 3885 personae

262 3910 730 3978 consueverint
786 3914 850 3976 et
907 3910 1257 3977 debuerint
1305 3928 1421 3995 per
1467 3909 1862 3976 electionem
1912 3911 2025 3975 aut
2072 3909 2378 3993 quemvis
2413 3908 2615 3974 alium
2651 3906 2928 3973 modum
2965 3907 3238 3984 assumi,

263 4036 436 4103 quae
463 4017 752 4104 promoti
788 4036 905 4103 per
936 4016 1184 4083 dictum
1219 4016 1799 4103 praedecessorem
1833 4014 1938 4081 vel
1973 4015 2119 4081 eius
2153 4014 2536 4081 auctoritate
2570 4013 2654 4080 ad
2689 4012 3238 4100 patriarchalium,

263 4124 931 4210 archiepiscopalium
1040 4127 1105 4189 et
1209 4122 1693 4209 episcopalium
1803 4121 2228 4188 ecclesiarum
2323 4139 2586 4187 necnon
2682 4120 3238 4186 monasteriorum

263 4231 586 4317 regimina
633 4231 1027 4297 obtinebant
1068 4233 1368 4315 tempore
1417 4229 1918 4314 promotionum
1968 4227 2052 4294 de
2101 4227 2268 4313 ipsis
2315 4227 2653 4306 factarum,
2715 4245 2892 4292 nunc
2939 4226 3238 4292 vacantia

264 4340 328 4404 et
397 4339 513 4423 qui
587 4355 705 4423 per
772 4356 899 4404 nos
970 4355 1089 4403 seu
1162 4337 1546 4403 auctoritate
1619 4338 1846 4402 nostra
1919 4335 1985 4400 in
2053 4338 2395 4419 posterum
2468 4333 2552 4401 ad
2623 4333 2858 4399 eadem
2918 4333 3241 4418 regimina

372 4695 437 4760 1⁰)
476 4694 555 4749 ad
594 4709 718 4763 que
756 4693 935 4748 forsan
987 4725 1038 4733 -
1081 4693 1210 4765 Reg.
1250 4693 1423 4747 Aven.
1465 4691 1536 4756 B;
1576 4691 1650 4754 V:
1689 4690 1743 4746 S.

369 4784 436 4852 ι1)
474 4785 753 4854 continget
790 4813 855 4822 -
895 4783 1025 4855 Reg.
1063 4783 1237 4837 Aven.
1276 4781 1345 4846 B;
1385 4780 1460 4846 V;
1501 4781 1556 4835 S.

368 4872 437 4940 1ἵ)
476 4874 811 4927 correctoris:
851 4871 911 4927 B.

373 4961 442 5030 ¹⁸)
481 4962 956 5032 penitenciarie
992 4990 1062 4999 —
1101 4959 1230 5031 Reg.
1267 4959 1443 5013 Aven.
1481 4957 1552 5021 B;
1591 4958 1665 5023 V;
1704 4956 1757 5012 S.

374 5050 440 5119 ¹⁴)
480 5066 596 5104 seu
632 5081 702 5088 —
741 5049 869 5121 Reg.
907 5050 1093 5104 Aven.·
1121 5048 1175 5104 S.
1215 5050 1377 5117 (sive:
1418 5046 1488 5112 Β;
1528 5047 1630 5113 V.).

371 5138 441 5208 ¹⁶)
478 5138 585 5194 vel
625 5170 693 5176 —
730 5138 859 5210 Reg.
898 5139 1072 5194 Aven.
1111 5137 1182 5202 B;
1221 5136 1275 5192 S.

372 5228 441 5297 ¹⁶)
480 5228 790 5282 obierunt
828 5257 893 5266 —
935 5226 1063 5299 Reg.
1102 5226 1276 5282 Aven.
1315 5225 1389 5290 B;
1431 5225 1494 5279 V.
1536 5223 1789 5294 (obierint
1827 5222 1922 5294 S.).

373 5316 445 5386 ι’1)
482 5319 546 5381 si,
584 5318 871 5386 antequam
911 5358 922 5370 .
963 5359 974 5370 .
1016 5359 1028 5370 .
1069 5315 1505 5370 decesserunt
1540 5343 1611 5352 —
1648 5313 1778 5384 Reg.
1816 5313 2001 5377 Aven;
2041 5311 2109 5376 B;
2149 5310 2215 5366 V.
