3688 5825
1672 301 1756 360 39

217 504 560 572 territoriis
609 522 761 573 cum
810 509 1132 573 consueta
1180 507 1572 592 exceptione
1622 507 1849 593 quoad
1886 510 2288 575 monasteria
2321 510 2710 577 monialium
2776 515 2841 578 et
2889 510 3204 578 ecclesias

218 612 482 698 aliaque
531 613 856 680 beneficia
907 615 968 680 et
1015 613 1162 680 loca
1208 614 1669 696 ecclesiastica,
1720 634 2007 701 quorum
2057 616 2303 683 fructus
2349 617 2479 683 XL.
2528 618 2671 685 flor.
2723 619 2860 685 auri
2909 619 3202 685 valorem

218 739 355 787 non
408 719 841 788 excedebant.

424 828 525 894 Ex
634 827 914 894 diversis
1007 828 1395 895 huiusmodi
1490 829 1903 898 decretorum
2020 831 2318 898 terminis
2409 832 2576 899 circa
2679 833 3199 900 reservationum

213 936 681 1002 extensionem
717 935 910 1020 quasi
945 936 1326 1002 necessario
1361 936 1565 1003 dubia
1614 937 1766 1004 oriri
1815 937 2173 1017 debebant,
2225 940 2607 1023 praesertim
2657 958 2807 1007 cum
2857 940 2923 1005 in
2974 940 3201 1006 ultima

215 1043 698 1109 constitutione
734 1043 932 1128 priori
967 1061 1056 1109 sc.
1092 1041 1201 1108 die
1235 1043 1656 1127 praecedenti
1705 1044 1913 1112 iactae
1961 1063 2273 1130 expresse
2323 1045 2510 1112 nullo
2569 1045 2777 1112 modo
2826 1045 3202 1132 derogetur.

426 1148 560 1216 Sed
611 1166 692 1215 ex
740 1150 1217 1235 prorogatione
1266 1149 1566 1217 eiusdem
1616 1152 2113 1219 constitutionis
2162 1171 2251 1219 sc.
2319 1151 2753 1229 „Sollicitudo
2802 1154 3195 1238 pastoralis“

213 1256 321 1323 die
369 1257 433 1322 8.
485 1256 676 1323 Febr.
733 1255 970 1342 13461)
1020 1256 1103 1322 ab
1175 1256 1419 1322 eodem
1492 1256 1799 1331 Romano
1862 1257 2185 1325 Pontifice
2256 1258 2337 1324 ad
2411 1259 2780 1326 secundum
2852 1260 3198 1326 biennium

214 1364 275 1429 in
325 1362 572 1429 iisdem
620 1364 957 1430 territoriis
1005 1362 1173 1429 facta
1207 1364 1368 1429 satis
1401 1367 1693 1449 apparet,
1745 1365 2043 1430 ultimam
2079 1365 2359 1431 formam
2396 1384 2485 1432 sc.
2520 1365 2628 1433 die
2668 1366 2765 1431 14.
2801 1365 2990 1432 Febr.
3033 1366 3200 1432 1344

213 1469 459 1539 editam
544 1470 947 1537 remansisse
1024 1469 1623 1537 fundamentum
1703 1473 2230 1557 prorogationiS,
2310 1472 2393 1538 ad
2442 1491 2644 1558 quam
2696 1473 2909 1539 solam
2959 1472 3197 1540 iisdem

212 1577 434 1643 verbis
483 1579 902 1662 provocatur.

422 1682 575 1751 Hoc
622 1684 775 1751 loco
824 1682 1238 1750 nominanda
1286 1686 1443 1751 sunt
1488 1684 1682 1751 etiam
1733 1685 2085 1770 sequentia
2154 1684 2412 1753 decreta
2484 1686 2785 1753 eiusdem
2834 1686 3198 1766 Pontificis,

213 1810 386 1876 quae
450 1792 898 1860 inscribuntur
981 1791 1437 1869 „Relaxatio
1510 1810 1649 1877 pro
1724 1792 2382 1877 exspectantibus
2454 1792 2546 1860 ad
2625 1793 3031 1859 biennium
3103 1792 3197 1860 de

210 1899 640 1967 beneficiis
675 1899 1147 1966 reservatis“
1174 1899 1227 1985 ²)
1262 1898 1464 1985 (1344
1499 1898 1647 1966 Oct.
1690 1898 1795 1984 1.).
1884 1898 2384 1976 „Declaratio
2418 1900 2667 1985 prima
2698 1902 2769 1966 et
2803 1900 3197 1966 restrictio

210 2006 738 2072 relaxationis
771 2006 1194 2091 gratiarum
1227 2006 1854 2091 exspectantium
1891 2023 2128 2091 super
2162 2007 2950 2093 reservationibus“·⁹›)
2977 2004 3196 2092 (e.d.).

216 2112 631 2190 ¹,Secunda
678 2111 1114 2180 declaratio
1163 2113 1739 2179 relaxationis“
1794 2111 1998 2197 (1344
2049 2112 2195 2180 Oct.
2255 2112 2472 2198 19.)4).

421 2220 491 2286 ln
543 2220 759 2305 primo
825 2219 1088 2287 decreto
1161 2220 1463 2285 statuitur
1530 2220 1596 2285 in
1669 2220 1975 2286 levamen
2024 2237 2278 2297 eorum,
2343 2221 2457 2304 qui
2528 2219 2760 2304 vigore
2811 2220 3193 2286 Litterarum

208 2326 748 2413 Apostolicarum
796 2329 952 2393 tunc
1000 2329 1063 2392 et
1109 2326 1175 2392 in
1225 2329 1419 2392 antea
1468 2325 1798 2411 quaedam
1851 2325 2176 2393 beneficia
2212 2326 2404 2411 quasi
2438 2327 2670 2392 frustra
2704 2328 3195 2411 exspectabant,

208 2433 396 2519 quod
471 2452 554 2501 ex
640 2433 909 2519 speciali
977 2433 1420 2501 concessione
1473 2432 1556 2499 ad
1604 2432 2011 2499 biennium
2070 2435 2328 2499 tantum
2377 2432 2622 2499 valenti
2673 2433 2936 2518 possint
2983 2433 3195 2501 facere

208 2541 335 2608 sibi
396 2539 731 2627 provideri
788 2541 872 2607 de
922 2540 1322 2626 praebendis
1368 2543 1500 2606 tam
1554 2540 1620 2605 in
1671 2538 2166 2607 cathedralibus
2233 2557 2434 2624 quam
2484 2539 2852 2624 collegiatis
2900 2540 3195 2607 ecclesiis

208 2668 478 2717 necnon
529 2647 613 2715 de
670 2648 1010 2715 beneficiis
1066 2647 1529 2715 ecclesiasticis
1574 2666 1629 2713 c.
1677 2665 1830 2714 cura
1889 2648 2234 2732 sexaginta
2288 2646 2392 2713 vel
2448 2665 2501 2712 s.
2555 2664 2711 2712 cura
2758 2645 3195 2733 quadraginta

207 2755 526 2823 librarum
625 2753 1114 2821 Turonensium
1218 2771 1355 2820 non
1435 2753 1929 2832 excedentibuS,
2031 2753 2291 2820 etiamsi
2394 2753 2556 2819 alias
2648 2754 2779 2819 sint
2868 2757 3194 2820 reservata

207 2862 643 2950 dispositioni
692 2860 885 2929 Sedis
931 2859 1380 2948 Apostolicae.

419 2970 591 3039 Orto
637 2973 859 3037 tamen
931 2969 1155 3036 subito
1203 2968 1430 3053 aliquo
1494 2967 1701 3035 dubio
1771 2969 1940 3035 circa
2012 2968 2473 3034 extensionem
2545 2966 2699 3034 dicti
2769 2966 3010 3034 decreti
3061 2969 3191 3035 iam

206 3077 454 3146 eodem
506 3077 615 3144 die
663 3095 752 3144 sc.
810 3078 863 3142 1.
901 3075 1049 3143 Oct.
1098 3093 1156 3141 e.
1190 3094 1247 3141 a.
1297 3073 1744 3160 supradictam
1794 3074 2311 3141 declarationem
2362 3072 2619 3152 adiecit,
2670 3074 2854 3158 quod
2903 3076 3191 3160 primum

207 3185 337 3252 hoc
385 3184 724 3251 decretum
769 3184 969 3250 nimis
1000 3183 1297 3268 amplum
1333 3184 1397 3248 et
1428 3180 1620 3247 valde
1655 3179 1970 3247 odiosum
2004 3200 2075 3248 se
2127 3180 2247 3257 „ad
2283 3179 2661 3265 dignitateS,
2697 3182 3193 3266 praeposituras

206 3294 570 3370 mensatas,
642 3293 1040 3376 personatus
1106 3292 1167 3355 et
1238 3288 1458 3355 officia
1529 3287 1915 3354 huiusmodi
1990 3288 2128 3354 sive
2199 3305 2421 3353 curam
2488 3288 2773 3354 habeant
2822 3289 3190 3355 animarum

208 3400 350 3465 sive
423 3416 563 3465 non
636 3416 710 3464 ac
781 3397 977 3464 etiam
1050 3395 1133 3462 ad
1183 3395 1509 3480 prioratus
1571 3398 1682 3460 aut
1731 3412 2174 3479 quaecunque
2223 3393 2348 3459 alia
2404 3394 2728 3461 beneficia
2798 3396 2902 3461 vel
2972 3396 3192 3463 officia

206 3505 611 3591 regularium
706 3519 1260 3589 quorumcunque
1362 3519 1437 3567 ac
1520 3500 1603 3566 ad
1692 3501 2125 3567 canonicatus
2196 3503 2258 3567 et
2328 3500 2747 3585 praebendas
2817 3502 3192 3587 praedictos

213 3612 640 3697 aliquatenus
688 3628 844 3676 non
894 3608 1276 3676 extendi.·‘

421 3715 644 3784 Tertio
713 3735 871 3783 vero
941 3715 1205 3782 decreto
1255 3714 1458 3799 (1344
1508 3713 1656 3781 Oct.
1721 3712 1851 3799 19.)
1901 3731 2214 3798 expresse
2283 3712 2666 3792 declaratur,
2715 3715 3189 3781 relaxationem

207 3825 732 3891 reservationum
768 3822 1207 3909 praebendas,
1242 3839 1411 3906 quas
1445 3821 1649 3905 aliqui
1677 3820 1743 3885 in
1780 3819 2016 3886 iisdem
2054 3821 2351 3887 ecclesiis
2386 3826 2518 3886 una
2550 3838 2699 3886 cum
2728 3820 3189 3907 dignitatibus,

207 3928 681 4016 personatibus
730 3929 992 4008 officiiS,
1041 3928 1409 4006 beneficiiS,
1459 3926 1882 4012 prioratibus,
1953 3927 2449 4013 praeposituriS,
2499 3925 3189 3994 administrationibus

208 4055 329 4104 seu
411 4037 733 4103 mensatis
803 4036 1197 4102 obtinebant
1273 4033 1574 4111 „etiamsi
1637 4033 1734 4099 eis
1799 4031 1918 4117 (sc.
1969 4032 2410 4117 dignitatibus
2473 4036 2623 4115 etc.)
2702 4052 2999 4100 annexae
3047 4053 3186 4101 non

331 4265 378 4336 ¹)
417 4265 554 4321 Cod.
592 4266 653 4321 B.
691 4266 782 4322 101.
827 4266 941 4321 110.
1017 4264 1296 4334 („Dudum
1334 4264 1662 4328 videlicet·).

422 4353 559 4410 Cod.
598 4356 663 4411 V.
703 4355 793 4410 101.
834 4354 986 4410 8610.

421 4444 478 4499 Ρ.
516 4444 626 4499 Vll.
665 4444 735 4499 n⁰
771 4444 857 4500 35.

332 4532 377 4602 ²)
415 4533 545 4605 Reg.
583 4534 702 4589 Vat.
741 4535 777 4588 t.
817 4534 937 4589 216.
977 4532 1068 4586 101.
1113 4532 1257 4587 llt0.

421 4621 559 4678 Cod.
597 4623 658 4677 B.
696 4622 788 4677 101.
833 4621 1126 4677 122-123.

427 4712 565 4768 Cod.
603 4713 668 4768 V.
707 4711 798 4767 101.
836 4713 1066 4767 90-91,

425 4801 481 4856 Ρ.
519 4801 625 4856 VII.
665 4801 735 4856 n⁰
770 4801 855 4856 36.

332 4887 377 4957 ⁸)
418 4890 545 4961 Reg.
584 4890 703 4945 Vat.
744 4890 776 4943 l.
816 4905 860 4944 c.
899 4889 989 4943 101.
1034 4890 1113 4945 15.

423 4979 559 5033 Cod.
598 4977 658 5032 B.
698 4978 789 5032 101.
835 4978 1126 5033 114-116.

428 5067 483 5121 Ρ.
523 5067 629 5122 vn.
670 5065 739 5121 n⁰
774 5067 860 5122 37.

337 5155 383 5225 ⁴)
421 5155 559 5211 Cod.
598 5154 656 5210 B.
697 5155 787 5210 101.
831 5155 1123 5210 116-117.

420 5243 558 5300 Cod.
597 5245 662 5300 V.
701 5244 793 5299 101.
831 5243 1130 5300 88-8810.

419 5334 477 5390 Ρ.
516 5333 623 5388 v11.
662 5333 732 5388 n⁰
766 5334 852 5388 38.
