3688 5825
1940 296 2024 357 64

496 727 632 783 1325
669 728 846 783 Martii
886 728 971 783 27.

492 816 621 888 Reg.
662 817 780 872 Vat.
819 819 855 872 t.
900 818 1000 873 113
1035 817 1127 871 fol.
1172 818 1286 872 174.

1576 996 1857 1102 Legato
1915 997 2383 1078 Lombardie.

671 1155 944 1223 Dudum
994 1161 1115 1224 etc.
1165 1158 1244 1223 ut
1285 1175 1496 1242 supra
1544 1176 1760 1243 usque
1806 1157 1903 1224 ad
1931 1156 2156 1244 finem
2202 1157 2433 1224 verbis
2478 1159 2935 1243 competenter
2985 1159 3290 1225 mutatis.

706 1282 805 1348 Ne
856 1283 1054 1368 igitur
1100 1283 1343 1368 aliquis
1394 1287 1693 1369 pretextu
1743 1284 2130 1370 ignorancie
2176 1284 2482 1350 velamen
2545 1284 3007 1351 excusacionis
3081 1283 3476 1369 pretendere

493 1388 707 1455 valeat
755 1389 822 1455 in
872 1390 993 1455 hac
1037 1393 1219 1475 parte
1253 1390 1646 1457 discrecioni
1689 1395 1799 1457 tue
1835 1410 1952 1477 per
1985 1390 2355 1476 apostolica
2389 1391 2628 1476 scripta
2663 1390 3079 1471 mandamus,
3137 1393 3477 1476 quatenus

495 1496 561 1561 in
635 1496 934 1564 ecclesiis
983 1500 1047 1563 et
1109 1497 1274 1564 locis
1324 1496 1641 1564 dictarum
1705 1499 1989 1566 civitatis
2052 1502 2117 1564 et
2163 1496 2455 1565 diocesis
2525 1516 2599 1565 ac
2647 1498 3008 1585 provincie,
3080 1497 3162 1564 de
3226 1498 3479 1584 quibus

493 1602 805 1688 expedire
866 1605 1286 1688 cognoveriS,
1346 1606 1901 1691 prorogacionem
1965 1605 2441 1672 reservacionis
2504 1605 2795 1691 predicte
2857 1605 3061 1673 facias
3126 1605 3474 1691 publicari.

491 1709 635 1776 Nos
683 1709 1056 1778 redditurus
1103 1710 1187 1778 de
1235 1712 1696 1796 publicacione
1739 1712 2280 1797 huiusmodiper
2312 1711 2748 1779 instrumenta
2791 1713 3079 1799 publica,
3129 1730 3262 1797 que
3314 1710 3475 1778 inde

492 1816 633 1882 fieri
680 1816 1015 1899 volumuS,
1062 1818 1405 1886 cerciores.

719 1940 878 2007 Item
954 1942 1342 2009 consimiles
1409 1943 1620 2010 littere
1710 1942 1776 2009 in
1856 1942 2139 2022 civitate,
2212 1941 2464 2010 diocesi
2534 1960 2612 2010 ac
2680 1943 3020 2030 provincia
3101 1942 3471 2010 Mediolan.

719 2048 878 2114 Item
938 2048 1004 2115 in
1053 2049 1333 2129 civitate,
1395 2049 1649 2118 diocesi
1712 2067 1787 2117 ac
1834 2050 2175 2136 provincia
2219 2048 2503 2116 Januen.

2224 2155 2448 2221 Pisan.

2229 2261 2627 2349 Aquilegen.

2234 2368 2525 2437 Graden.

721 2492 967 2560 Datum
1017 2496 1089 2559 ut
1138 2511 1358 2580 supra.

499 2901 633 2958 1327
670 2902 845 2958 Martii
885 2903 970 2960 29.
1923 2799 2040 2879 ω’

494 2991 630 3046 Cod.
669 2991 728 3047 B.
769 2991 861 3047 fol.
901 2994 1129 3049 70—71.

992 3171 1447 3276 Prorogacio
1507 3175 2105 3268 reservacionum
2164 3178 2237 3251 in
2296 3177 2699 3275 provinciis
2755 3172 2970 3250 Italie.

1387 3349 1511 3430 Ad
1568 3352 1886 3430 futuram
1948 3356 2048 3430 rei
2107 3354 2571 3431 memoriam.

701 3489 911 3558 Olim
946 3492 1039 3559 ad
1083 3496 1370 3559 statum
1407 3493 1700 3579 parcium
1736 3492 1914 3559 Italie
1948 3493 2296 3560 salubriter
2327 3495 2592 3559 auctore
2618 3492 2898 3559 domino
2935 3493 3473 3578 promovendum

494 3601 719 3664 nostre
797 3599 1367 3666 consideracionis
1439 3600 1746 3666 intuitum
1827 3599 2190 3685 dirigentes
2266 3617 2341 3666 ac
2417 3600 2799 3692 cupientes,
2878 3602 2948 3665 ut
3019 3599 3084 3664 in
3173 3599 3474 3666 ecclesiis

495 3706 788 3791 parcium
860 3705 1219 3773 earundem
1290 3706 1778 3774 cathedralibus
1854 3710 1919 3773 et
1987 3706 2361 3792 collegiatis
2431 3706 2839 3773 secularibus
2921 3708 2984 3772 et
3059 3706 3475 3791 regularibus

491 3812 660 3878 tales
732 3812 1200 3898 preficerentur
1268 3831 1385 3898 per
1462 3813 1960 3899 providenciam
2033 3811 2214 3879 sedis
2284 3814 2654 3898 apostolice
2727 3815 3030 3898 pastores
3098 3815 3162 3879 et
3219 3812 3474 3898 prelati,

495 3918 609 4003 qui
681 3920 880 3986 nobis
951 3921 1016 3986 et
1084 3919 1303 3986 eidem
1367 3919 1510 3987 sedi
1558 3920 1795 3987 fideles
1844 3920 2201 3986 existerent
2266 3922 2330 3985 et
2386 3917 2610 3986 devoti
2661 3938 2736 3985 ac
2790 3919 3033 3985 scirent
3079 3922 3144 3985 et
3193 3923 3475 4004 possent

495 4044 764 4111 preesse
843 4026 1087 4093 utiliter
1162 4028 1227 4093 et
1303 4027 1647 4113 prodesse,
1726 4027 1856 4094 hiis
1949 4028 2014 4093 et
2093 4026 2243 4093 aliis
2334 4027 2526 4093 certis
2620 4026 2839 4093 causis
2934 4025 3474 4104 racionabilibus,

495 4150 626 4218 que
698 4132 780 4198 ad
852 4133 981 4199 hoc
1046 4137 1345 4200 nostrum
1414 4133 1710 4200 animum
1783 4132 2205 4211 induxerunt,
2276 4150 2515 4199 omnes
2586 4135 2652 4198 et
2698 4132 3001 4217 singulas
3062 4132 3475 4199 cathedrales

494 4243 557 4306 et
639 4238 1024 4325 collegiatas
1115 4240 1444 4307 seculares
1532 4243 1596 4307 et
1686 4239 2020 4325 regulares
2104 4238 2417 4305 ecclesias
2499 4237 2782 4305 civitatis
2884 4242 2948 4305 et
3038 4237 3332 4306 diocesis
3402 4257 3478 4306 ac

495 4346 835 4432 provincie
882 4345 1335 4413 Mediolanen.
1387 4347 1602 4432 primo
1652 4365 1688 4412 a
1737 4345 1837 4418 Kl.
1896 4344 2141 4431 Aprilis
2192 4343 2618 4430 pontificatus
2668 4344 2875 4411 nostri
2939 4362 3119 4411 anno
3182 4346 3476 4431 septimo

495 4470 709 4537 usque
768 4451 850 4518 ad
918 4451 1090 4519 duos
1162 4471 1377 4519 annos
1448 4456 1688 4520 extunc
1757 4452 2251 4537 subsequentes
2323 4452 2621 4536 proxime
2692 4455 3054 4531 vacaturas,
3104 4452 3475 4536 provisioni

495 4561 719 4625 nostre
833 4577 909 4626 ac
1012 4559 1192 4626 sedis
1293 4560 1662 4645 apostolice
1762 4557 2054 4644 predicte
2163 4558 2548 4624 auctoritate
2670 4557 3039 4642 apostolica
3161 4557 3478 4625 duximus

495 4664 947 4744 reservandas,
1020 4665 1377 4732 districtius
1448 4666 1828 4733 inhibentes
1886 4665 2204 4731 omnibus
2276 4668 2341 4731 et
2416 4664 2725 4749 singuliS,
2799 4663 2881 4729 ad
2932 4682 3105 4749 quos
3153 4665 3476 4750 provisio,

497 4772 754 4852 electio,
834 4773 1209 4857 postulacio
1290 4791 1407 4839 seu
1487 4772 1723 4858 quevis
1800 4772 1926 4838 alia
1990 4771 2358 4857 disposicio
2438 4770 2859 4837 ecclesiarum
2941 4773 3233 4856 ipsarum
3313 4772 3479 4837 alias

498 4879 870 4963 pertineret,
903 4897 987 4945 ne
1020 4879 1101 4946 ad
1140 4879 1618 4965 provisionem,
1649 4879 2066 4957 electionem,
2103 4878 2635 4964 postulacionem
2671 4876 2773 4943 vel
2807 4877 3004 4944 aliam
3034 4876 3476 4963 predictarum

499 4984 924 5051 ecclesiarum
997 4984 1528 5071 disposicionem
1601 4985 2035 5073 procederent
2098 4983 2584 5070 quoquomodo
2634 5002 2709 5050 ac
2757 4983 3188 5051 decernentes
3237 4986 3481 5052 extunc

497 5092 745 5156 irritum
818 5096 882 5158 et
952 5093 1170 5171 inane,
1245 5094 1300 5158 si
1373 5111 1567 5161 secus
1638 5111 1840 5178 super
1909 5092 2038 5158 hiis
2111 5109 2228 5177 per
2298 5109 2740 5176 quoscunque
2802 5090 3039 5177 quavis
3087 5091 3477 5158 auctoritate

501 5198 784 5264 scienter
869 5199 973 5265 vel
1065 5200 1449 5284 ignoranter
1531 5201 1949 5284 contingeret
2030 5197 2423 5283 attemptari.
2520 5198 2600 5263 Et
2677 5198 3165 5283 subsequenter
3233 5184 3270 5265 a
3342 5199 3479 5266 fine

500 5304 825 5371 dictorum
919 5304 1202 5372 duorum
1297 5324 1622 5373 annorum
1718 5323 1933 5391 usque
2028 5304 2110 5371 ad
2204 5305 2552 5371 biennium
2656 5308 2895 5371 extunc
2988 5305 3475 5372 numerandum

3448 5502 3480 5574 ‘s

2849 5595 2932 5621 ,κ
3399 5602 3433 5638 ⁴
3461 5571 3582 5749 k
