3688 5825
1951 275 2035 334 46

713 482 977 549 Deinde
1027 482 1204 549 idem
1255 482 1561 551 Pontifex
1608 524 1695 531 —
1744 486 1811 551 in
1860 484 1983 550 hac
2030 499 2306 567 quoque
2365 485 2548 567 parte
2596 481 3055 548 ordinationes
3105 480 3359 548 Urbani
3408 480 3483 546 V.

502 608 796 675 sequens
820 628 909 636 —
936 590 1366 675 dispositioni
1401 610 1562 658 suae
1598 592 1955 659 reservavit
1988 590 2217 657 omnia
2252 589 2598 667 beneficia,
2634 607 2806 674 quae
2840 606 2957 673 per
2989 588 3483 655 assecutionem

502 697 783 765 aliorum
842 716 961 776 „ex
1010 706 1223 765 nunc⁴‘
1278 702 1465 766 erant
1512 699 1908 766 dimittenda
1956 697 2329 782 eademque
2377 697 2577 762 etiam
2628 697 2696 762 in
2745 696 2874 763 hoc
2921 714 3078 763 casu
3128 696 3485 763 declaravit

502 805 738 872 affecta
821 806 915 882 „si
994 805 1103 871 illa
1181 824 1298 891 per
1373 807 1629 873 obitum
1707 806 2075 873 obtinentis
2150 805 2257 871 vel
2319 804 2482 870 alias
2548 822 2746 890 quam
2810 822 2928 889 per
2987 804 3482 871 assecutionem

506 913 720 999 ipsam
768 930 1001 979 vacare
1050 914 1527 1000 contigerit„.¹)

719 1018 1033 1087 Similiter
1080 1020 1319 1087 eodem
1370 1021 1477 1087 die
1520 1019 1639 1105 (sc.
1674 1020 1735 1086 3.
1769 1020 1946 1102 Jan.)
1995 1020 2337 1086 renovavit
2383 1019 2898 1085 reservationem
2950 1018 3486 1105 praedecessoris

507 1128 611 1193 sui
659 1128 827 1194 circa
874 1128 1199 1195 beneficia
1248 1130 1552 1195 vacatura
1601 1147 1680 1195 ex
1727 1147 1929 1195 causa
1994 1128 2305 1194 contracti
2371 1126 2923 1213 matrimonii2)
2970 1164 3055 1174 -
3106 1127 3195 1193 ita
3238 1129 3486 1204 tamen,

509 1238 578 1301 ut
626 1235 737 1301 illa
786 1234 1135 1302 haberetur
1183 1235 1511 1321 specialis.
2121 1311 2132 1328 .

720 1341 964 1409 Postea
991 1342 1098 1409 die
1125 1343 1184 1408 4.
1202 1343 1348 1409 Jan.
1379 1343 1673 1427 reliquae
1692 1342 1988 1428 Regulae
2004 1342 2060 1428 ⁸)
2089 1341 2537 1409 Cancellariae
2556 1341 2986 1427 Apostolicae
3013 1343 3097 1408 ab
3118 1340 3396 1408 Urbano
3411 1341 3488 1408 V.

509 1449 727 1516 editae
775 1451 861 1516 ab
909 1450 1053 1516 eius
1097 1468 1482 1516 successore
1516 1468 1666 1517 curn
1704 1448 2107 1535 quibusdam
2144 1448 2829 1535 modificationibus4)
2869 1449 3276 1535 approbatae
3311 1453 3486 1517 sunt.

723 1556 880 1623 Item
931 1556 1038 1623 die
1085 1557 1147 1624 9.
1194 1557 1341 1624 Jan.
1392 1576 1447 1624 e.
1500 1576 1558 1623 a.
1610 1557 1843 1623 iterum
1913 1556 2339 1641 dispositioni
2406 1573 2567 1622 suae
2615 1557 2969 1623 reservavit
3033 1558 3488 1638 canonicatuS,

511 1663 947 1749 praebendas,
996 1663 1374 1749 dignitates,
1424 1667 1824 1749 personatus
1873 1664 1976 1730 vel
2025 1663 2246 1730 officia
2277 1665 2625 1748 ceteraque
2674 1663 2999 1730 beneficia
3046 1664 3489 1731 ecclesiastica

512 1770 871 1837 saecularia
907 1774 970 1836 et
1003 1771 1326 1855 regularia
1358 1790 1508 1838 cum
1544 1790 1697 1838 cura
1729 1771 1835 1837 vel
1870 1771 2015 1836 sine
2047 1788 2202 1836 cura
2233 1773 2588 1856 tempore
2637 1771 2906 1837 obitus
2954 1771 3491 1857 praedecessoris

510 1877 873 1945 vacantia
918 1915 1007 1923 —
1055 1896 1217 1964 ergo
1266 1878 1466 1944 etiam
1517 1877 1818 1945 nondum
1870 1879 2196 1944 reservata
2239 1916 2323 1926 —
2366 1881 2654 1943 attamen
2704 1895 2843 1944 non
2892 1879 3120 1945 omnia
3167 1879 3286 1946 sed
3342 1878 3490 1957 „illa

513 1984 835 2065 videlicet,
890 1985 957 2050 in
1011 1986 1255 2069 quibus
1307 1985 1483 2051 idem
1520 1985 1838 2051 dominus
1872 1988 2101 2052 noster
2130 1983 2548 2071 providendo
2583 2003 2702 2051 seu
2739 1984 3125 2053 mandando
3157 1987 3489 2072 provideri

514 2092 599 2159 de
649 2091 779 2158 illis
828 2092 1218 2159 huiusmodi
1266 2093 1712 2160 reservatione
1759 2092 2043 2159 voluerit
2089 2092 2317 2178 uti.“5)

732 2199 995 2266 Deinde
1067 2199 1310 2266 eodem
1378 2199 1486 2266 die
1556 2198 1934 2279 declaravit,
2006 2216 2244 2265 omnes
2313 2199 2745 2267 canonicatus
2804 2202 2867 2266 et
2929 2200 3347 2285 praebendas
3418 2220 3491 2268 ac

516 2307 895 2393 dignitateS,
962 2309 1382 2392 personatus,
1444 2307 1666 2374 otticIa
1728 2309 2079 2392 ceteraque
2147 2305 2474 2372 beneficia
2528 2307 2973 2374 ecclesiastica
3022 2308 3383 2375 saecularia
3430 2311 3493 2376 et

517 2414 838 2499 regularia
888 2433 941 2480 c.
990 2432 1142 2481 cura
1193 2417 1356 2481 ets.
1405 2433 1559 2482 cura
1625 2415 1755 2480 iam
1836 2415 1921 2480 ab
2000 2413 2275 2481 Urbano
2352 2412 2429 2479 V.
2509 2417 2909 2481 reservata
2990 2418 3064 2481 et
3139 2418 3491 2501 tempore

518 2521 788 2587 obitus
836 2520 1139 2587 eiusdem
1198 2523 1557 2589 vacantia
1607 2522 2010 2588 remansisse
2056 2520 2487 2605 dispositioni
2536 2538 2697 2586 suae
2746 2522 3027 2588 omnino
3075 2524 3491 2609 reservata.⁶)

730 2626 984 2695 Ultimo
1034 2629 1183 2695 loco
1232 2628 1341 2694 die
1388 2629 1493 2695 30.
1543 2629 1765 2695 Martii
1821 2628 2057 2715 1374⁷)
2108 2646 2227 2712 pro
2275 2629 2576 2712 tempore
2626 2629 2877 2713 pestis
2922 2632 3081 2696 tunc
3125 2630 3491 2714 grassantis

518 2734 644 2801 sibi
693 2736 1049 2801 reservavit
1097 2754 1336 2802 omnes
1384 2736 1763 2822 dignitateS,
1814 2738 2235 2820 personatuS,
2285 2734 2505 2801 officia
2553 2752 2630 2801 ac
2676 2735 3004 2802 beneficia
3051 2735 3493 2804 ecclesiastica

519 2841 879 2909 saecularia
929 2844 994 2908 et
1041 2841 1367 2928 regularia
1437 2861 1586 2908 cum
1658 2861 1811 2910 cura
1883 2843 1987 2909 vel
2061 2842 2207 2909 sine
2265 2860 2419 2908 cura
2487 2860 3081 2929 „quorumcunque
3151 2844 3489 2912 curialium

521 2952 584 3016 et
645 2949 925 3017 aliorum
991 2949 1072 3016 ad
1120 2949 1490 3023 Romanam
1542 2950 1809 3018 Curiam
1861 2969 1982 3037 pro
2050 2951 2190 3017 suis
2251 2950 2543 3035 negotiis
2605 2950 3099 3017 accedentium“
3170 2953 3283 3037 qui
3333 2953 3492 3019 iorte

522 3060 932 3123 morerentur
979 3058 1044 3123 In
1095 3058 1260 3125 locis
1308 3077 1345 3124 a
1394 3056 1591 3125 Curia
1642 3058 1807 3124 ultra
1856 3057 2024 3125 duas
2080 3057 2292 3124 dietas
2350 3058 2600 3142 legales
2650 3076 2787 3124 non
2848 3060 3141 3138 remotis,
3204 3061 3317 3127 ubi
3367 3061 3490 3145 ipsi

522 3163 692 3230 dicta
788 3165 1112 3232 beneficia
1204 3165 1307 3231 vel
1401 3165 1760 3250 dignitates
1818 3168 1938 3231 etc.
2010 3166 2387 3232 obtinerent
2478 3166 2582 3231 vel
2677 3166 2743 3231 in
2838 3169 3178 3251 posterum
3274 3170 3495 3233 essent

522 3270 906 3351 assecuturi,
993 3271 1420 3339 dummodo
1500 3272 1593 3338 ad
1675 3290 1762 3338 ea
1841 3290 1923 3338 se
2001 3272 2548 3338 contulissent
2624 3291 2789 3338 cum
2873 3273 3328 3340 intentione
3404 3274 3493 3340 ad

524 3376 840 3445 Curiam
890 3379 1142 3464 ipsam
1192 3380 1547 3464 proxime
1597 3378 2076 3466 redeundi.8)

651 3593 693 3661 ¹)
732 3591 935 3647 Ibidem
973 3589 1044 3646 n⁰
1080 3592 1164 3647 24.

568 3735 574 3742 ,
649 3681 694 3749 2)
813 3704 833 3726 ε
977 3680 1049 3735 n⁰
1085 3680 1169 3735 29.

649 3770 697 3840 ⁸)
815 3794 838 3816 ⁶
982 3769 1055 3824 11⁰
1089 3769 1160 3825 32
1176 3798 1214 3829 a.

581 3897 589 3908 ·
647 3860 695 3930 ⁴)
813 3883 833 3905 s
978 3858 1053 3939 p⁰
1088 3860 1159 3915 30
1196 3858 1267 3914 n⁰
1301 3859 1388 3925 33,
1425 3859 1511 3924 34,
1550 3860 1638 3914 35.

649 3948 697 4018 ⁶)
736 3949 941 4004 Ibidem
981 3948 1013 4003 l.
1053 3964 1095 4003 c.
1136 3946 1206 4003 n⁰
1240 3949 1325 4004 36.

739 4038 1069 4093 Huiusmodi
1108 4040 1396 4093 reservatio
1435 4038 1501 4092 ab
1542 4037 1975 4093 antecessoribus
2013 4039 2127 4092 suis
2167 4052 2441 4106 nunquam
2481 4037 2616 4092 tacta
2655 4038 2754 4091 est.

651 4128 695 4195 ⁶)
734 4127 939 4182 Ibidem
978 4129 1011 4182 l.
1052 4143 1096 4181 c.
1136 4125 1206 4181 n⁰
1240 4126 1326 4182 37.

740 4217 843 4272 Die
880 4215 964 4271 25.
1003 4216 1178 4271 Martii
1223 4216 1357 4271 1372
1395 4216 1689 4286 publicavit
1745 4215 1922 4270 dictus
1960 4215 2207 4270 Pontifex
2246 4215 2455 4270 Bullam
2494 4215 2784 4286 legendam
2822 4218 2876 4270 in
2914 4215 3089 4271 Cena
3130 4216 3419 4272 Domini.

741 4307 927 4378 Magn.
968 4305 1104 4360 Bull.
1146 4306 1294 4365 Rom.
1336 4305 1367 4360 l.
1408 4321 1451 4360 c.
1492 4321 1544 4375 p.
1583 4304 1689 4360 539
1726 4320 1846 4374 sqq.

656 4396 700 4464 ⁷)
740 4396 944 4451 Ibidem
983 4411 1036 4465 p.
1074 4396 1138 4449 41
1184 4394 1255 4449 n⁰
1290 4395 1374 4450 76.

652 4484 697 4553 ⁸)
736 4485 890 4542 Hanc
928 4486 1170 4539 ultimam
1209 4485 1502 4539 clausulam
1542 4486 1594 4537 in
1635 4483 1903 4538 similibus
1941 4484 2170 4539 decretis
2208 4486 2608 4539 autecessorum
2648 4484 2838 4539 nullibi
2879 4487 3190 4554 reperimus.
