3688 5825
1956 285 2036 343 14

714 484 861 551 Hoc
894 486 1043 552 loco
1078 488 1275 553 etiam
1326 490 1722 573 generaliter
1769 492 2139 558 notandum
2192 495 2312 560 erit
2345 494 2610 561 Curiam
2649 494 3017 568 Romanam
3053 514 3189 561 non
3223 500 3481 564 tantum

505 592 597 658 ibi
662 596 1077 677 praesentem
1144 595 1434 661 habitam
1488 616 1659 676 esse,
1722 599 1834 665 ubi
1895 599 2104 686 Papa
2155 601 2299 687 ipse
2349 603 2745 681 morabatur,
2819 603 2936 668 sed
2984 642 3071 650 —
3139 604 3320 689 quod
3394 603 3479 670 ad

505 700 1019 766 reservationem
1042 702 1516 769 beneficiorum
1537 706 1912 772 vacantium
1941 707 2119 792 apud
2149 707 2390 774 Sedem
2415 707 2873 794 Apostolicam
2902 709 3134 775 attinet
3157 748 3243 756 —
3278 711 3477 776 etiam

507 806 618 872 ubi
699 807 924 874 aderat
997 808 1495 877 Cancellaria
1558 810 2053 898 Apostolica,
2122 815 2244 880 etsi
2307 814 2490 899 Papa
2553 816 2718 881 forte
2783 816 2943 882 alibi
3019 815 3478 903 morabatur.¹)

503 913 815 999 Denique
863 915 930 980 in
981 916 1108 982 hoc
1153 919 1368 1003 capite
1416 919 1693 986 curiales
1741 920 2048 987 dicuntur
2094 939 2331 988 omnes
2382 923 2744 988 servientes
2795 922 3099 996 Romano
3148 923 3478 1002 Pontifici,

506 1018 976 1088 Cardinalibus
1025 1026 1137 1088 aut
1184 1024 1583 1092 officialibus
1618 1026 1960 1100 Romanae
1995 1028 2234 1095 Curiae
2283 1033 2395 1095 aut
2440 1030 2552 1114 qui
2591 1033 2860 1115 propter
2893 1030 3163 1115 negotia
3213 1032 3478 1117 propria

504 1127 607 1192 vel
656 1128 871 1194 aliena
921 1130 985 1194 in
1037 1129 1236 1197 Curia
1284 1133 1620 1199 tractanda
1670 1133 1921 1207 Romae
1967 1136 2417 1202 versabantur.

712 1280 987 1367 Insuper
1054 1284 1302 1350 nullius
1375 1285 1771 1352 beneficium
1847 1286 2258 1354 indicabatur
2333 1306 2614 1364 „vacans
2664 1288 2728 1353 in
2780 1286 3044 1366 Curia“‚
3123 1290 3253 1355 nisi
3326 1290 3477 1375 quis

505 1392 761 1473 praeter
851 1394 1143 1457 servatas
1235 1392 1658 1459 conditiones
1752 1395 2165 1478 supradictas
2258 1398 2410 1461 ante
2527 1398 2803 1461 mortem
2901 1395 3061 1461 illud
3165 1414 3231 1461 re
3325 1414 3476 1462 vera

504 1499 1131 1582 acceptaverat,
1211 1517 1390 1565 mera
1462 1500 1728 1566 collatio
1816 1501 2163 1568 cuiusdam
2229 1502 2536 1569 beneficii
2600 1502 2799 1567 etiam
2866 1503 3088 1588 quoad
3169 1502 3476 1569 effectum

504 1604 1027 1671 reservationum
1080 1625 1213 1672 non
1265 1606 1658 1687 sufficiebat,
1718 1608 1874 1694 quia
1929 1609 2154 1675 nullus
2203 1609 2441 1675 dicitur
2488 1608 2943 1687 beneficiatuS,
2993 1609 3123 1675 nisi
3174 1609 3258 1675 de
3305 1609 3478 1676 facto

505 1710 700 1775 etiam
754 1713 1119 1798 acceptavit
1165 1714 1591 1780 collationem
1641 1715 1725 1781 de
1774 1717 1926 1801 ipso
1974 1716 2234 1782 factam.

713 1862 890 1929 Idem
928 1864 1299 1932 Bonifatius
1331 1866 1484 1932 VIll.
1518 1886 1718 1953 pere.
1771 1867 2577 1953 „SiApostolica“²)
2610 1868 3156 1933 constitutionem
3192 1867 3480 1933 maxime

505 1969 857 2037 salutarem
917 1971 1123 2038 edidit
1184 1974 1351 2039 circa
1437 1975 1860 2041 ecclesias
1924 1975 2472 2060 parochiales
2557 1977 2621 2039 et
2684 1975 2811 2040 alia
2875 1974 3199 2041 beneficia
3257 1977 3481 2041 curata

504 2077 804 2143 vacantia
854 2078 918 2143 iu
970 2077 1169 2146 Curia
1229 2083 1614 2166 tempore
1674 2083 2167 2148 vacationis
2232 2081 2513 2167 ipsius
2578 2081 2828 2148 Sedis
2890 2079 3480 2167 Apostolicae.

713 2228 782 2295 Si
831 2230 1010 2296 enim
1053 2249 1141 2297 ce.
1200 2232 1452 2309 „Licet“
1508 2236 1571 2299 et
1624 2232 2032 2311 „Statutum“
2089 2234 2155 2298 in
2207 2233 2450 2319 quovis
2499 2251 2656 2299 casu
2708 2233 3185 2298 remansissent
3236 2233 3302 2297 in
3353 2251 3480 2299 suo

504 2336 763 2421 vigore,
871 2339 1255 2422 praesertim
1363 2339 1685 2406 beneficia
1793 2343 2012 2405 curata
2123 2343 2186 2406 et
2286 2342 2613 2406 reservata
2716 2338 2918 2406 Sede
3010 2337 3482 2425 Apostolica

503 2446 830 2510 vacante
898 2444 1090 2511 facile
1148 2445 1539 2513 debuissent
1596 2447 1953 2513 maximam
2024 2465 2259 2532 capere
2330 2447 2700 2512 animarum
2751 2445 3250 2525 detrimentum;
3323 2465 3478 2512 nam

505 2550 821 2636 Episcopi
870 2552 935 2617 vi
970 2551 1462 2624 Reservationis
1504 2551 1933 2639 Apostolicae
1980 2555 2290 2620 carebant
2337 2554 2476 2619 iure
2526 2553 2923 2639 providendi
2973 2552 3057 2619 de
3090 2553 3478 2619 huiusmodi

506 2658 848 2725 beneficiis
914 2661 1175 2739 curatiS,
1231 2660 1538 2728 Pontifex
1603 2680 1780 2739 vero,
1855 2662 1969 2746 qui
2041 2661 2168 2727 hoc
2224 2660 2362 2726 iure
2412 2660 2504 2725 uti
2554 2661 2790 2746 potuit,
2863 2659 3164 2726 nondum
3224 2659 3480 2738 aderat;

504 2766 950 2849 exspectanda
997 2774 1134 2835 erat
1195 2760 1371 2835 nova
1419 2768 1654 2834 electio
1705 2767 1964 2834 Summi
2015 2767 2328 2847 PastoriS,
2379 2785 2551 2852 quae
2612 2768 2702 2834 ob
2759 2770 3135 2852 temporum
3188 2767 3479 2833 iniurias

504 2872 681 2939 haud
732 2892 874 2942 raro
931 2876 1093 2943 satis
1141 2875 1255 2942 diu
1304 2875 1777 2943 differrebatur.
1873 2874 2097 2956 Quare
2147 2874 2478 2960 praefatus
2512 2874 2885 2941 Bonifatius
2917 2872 3069 2940 VIII.
3106 2873 3476 2953 animarum

505 2982 699 3048 saluti
750 2984 1168 3069 prospiciens
1230 2983 1755 3050 collatoribus
1804 2982 2235 3048 ordinariis
2285 2982 2350 3047 in
2400 3000 2578 3060 casu,
2630 3000 2766 3067 quo
2817 2981 3027 3048 Sedes
3088 2980 3477 3067 Apostolica

504 3092 799 3169 vacabat,
872 3091 1196 3158 liberam
1255 3091 1879 3176 dispositionem
1938 3089 2021 3155 de
2079 3087 2466 3155 huiusmodi
2517 3088 2862 3156 beneficiis
2911 3088 3075 3155 alias
3125 3089 3475 3154 reservatis

442 3248 449 3256 .
505 3197 803 3264 restituit.

717 3349 875 3415 Item
925 3350 1276 3430 ordinavit,
1326 3351 1531 3435 quod,
1582 3351 1635 3416 si
1687 3348 2074 3416 huiusmodi
2125 3347 2450 3415 beneficia
2496 3349 2737 3425 curata,
2798 3346 3102 3420 Romano
3150 3345 3477 3412 pontifice

507 3456 722 3523 adhuc
762 3459 1082 3541 regnante
1123 3475 1352 3524 vacare
1395 3458 1829 3543 contingeret,
1874 3457 1957 3523 de
1992 3457 2240 3542 quibus
2275 3473 2489 3539 usque
2523 3454 2607 3521 ad
2644 3454 2857 3540 ipsius
2891 3457 3170 3521 mortem
3206 3454 3290 3519 ab
3327 3454 3477 3538 ipso

505 3563 830 3631 pontifice
884 3565 1068 3631 nullo
1119 3564 1325 3631 modo
1374 3568 1554 3632 esset
1607 3564 2033 3651 dispositum,
2091 3562 2440 3629 collatores
2496 3561 2810 3627 ordinarii
2861 3561 3065 3627 libere
3112 3559 3194 3626 ad
3247 3577 3474 3627 eorum

507 3671 961 3756 provisionem
1042 3671 1398 3758 procedere
1478 3675 1776 3758 possent,
1857 3670 2164 3756 quamvis
2243 3669 2496 3735 mensis
2574 3668 2682 3734 ille
2754 3668 3198 3753 praescriptus
3262 3667 3480 3734 adhuc

506 3778 806 3846 nondum
858 3783 1037 3846 esset
1084 3780 1375 3865 elapsus.

719 3931 894 3998 Sane
943 3932 1139 3998 etiam
1191 3931 1318 3997 hoc
1365 3932 1513 3998 loco
1562 3935 1716 3999 ante
1749 3930 1983 3997 oculos
2032 3928 2413 3995 habendum
2459 3930 2578 4006 est,
2629 3927 3125 3993 moderationes
3162 3926 3476 4012 praedicti

504 4039 740 4124 capitis
787 4038 902 4116 „Si
946 4037 1370 4124 Apostolica“
1427 4039 1751 4124 respicere
1793 4040 2049 4103 tantum
2084 4053 2299 4113 casuS,
2350 4052 2486 4121 quo
2521 4033 2846 4101 beneficia
2888 4035 3105 4100 curata
3156 4034 3480 4100 vacabant

506 4147 571 4211 in
623 4144 820 4213 Curia
892 4165 972 4213 ex
1040 4145 1260 4212 causis
1332 4146 1396 4211 in
1470 4145 2021 4231 praecedentibus
2092 4142 2422 4227 capitibus
2470 4141 2708 4220 allatiS,
2771 4140 3046 4206 minime
3106 4158 3264 4206 vero
3313 4140 3478 4206 forte

505 4254 831 4339 attingere
920 4253 1244 4320 beneficia
1338 4251 1722 4318 huiusmodi
1818 4250 2224 4317 devoluta
2320 4248 2401 4314 ad
2497 4247 2737 4315 Sedem
2833 4245 3292 4333 Apostolicam
3373 4249 3477 4313 ob

506 4360 1134 4446 negligentiam
1184 4360 1571 4426 collatorum
1624 4358 2131 4425 ordinariorum.

718 4511 1027 4596 Denique
1087 4510 1454 4577 notandum
1506 4512 1705 4576 restat
1773 4508 1858 4574 de
1928 4508 2074 4574 aliis
2123 4506 2468 4575 beneficiis
2539 4524 2695 4573 non
2765 4506 3057 4572 curatis
3130 4506 3474 4572 reservatis

506 4619 882 4705 Episcopos
931 4618 1014 4685 de
1049 4618 1177 4685 illis
1210 4617 1385 4685 Sede
1418 4615 1803 4702 Apostolica
1852 4618 2127 4682 vacante
2175 4615 2542 4707 disponere,
2583 4631 2717 4679 non
2766 4613 3087 4699 potuisse.
3181 4612 3472 4679 Primum

505 4726 860 4812 eligendus
939 4729 1074 4792 erat
1144 4742 1360 4791 novus
1437 4723 1764 4804 Pontifex,
1836 4723 1951 4808 qui
2039 4723 2204 4789 intra
2288 4740 2588 4787 mensem
2670 4720 2998 4806 integrum
3081 4720 3298 4806 potuit
3370 4721 3475 4786 illa

504 4833 817 4900 conferre.

717 5218 760 5286 ι)
799 5217 879 5273 Cf.
918 5217 1139 5288 Pithing
1177 5217 1210 5271 l.
1250 5231 1293 5270 c.
1334 5231 1385 5269 n.
1424 5215 1545 5270 334.

717 5332 762 5402 ἵ)
801 5349 845 5388 c.
884 5332 969 5388 35.
1009 5333 1079 5386 de
1116 5331 1297 5402 praeb.
1337 5330 1410 5384 111.
1453 5331 1485 5384 4
1524 5332 1576 5383 in
1615 5328 1740 5384 V10.
