3688 5825
1666 306 1746 366 19

221 510 538 588 „durante
583 511 1002 578 turbatione“
1064 513 1389 579 vacaturis
1447 513 1531 579 ab
1580 506 1941 581 Honorio
1991 514 2099 580 IV.
2151 504 2470 582 statutum
2525 498 2740 602 er'at.1)
2835 496 3196 581 Successor

211 635 363 684 vero
438 619 584 685 eius
632 617 1012 685 Nicolaus
1061 618 1169 684 IV.
1220 639 1432 686 novas
1480 614 2024 694 Reservationum
2098 623 2587 708 generalium
2659 620 3194 688 Constitutiones

212 742 345 791 non
419 725 679 805 adiecit,
750 726 954 792 factas
1024 729 1248 793 tamen
1319 746 1356 793 a
1404 726 2037 814 praedecessoribus
2108 731 2248 796 suis
2319 729 2402 796 de
2474 729 2770 815 partibus
2820 727 3082 795 Siciliae
3130 731 3196 795 et

210 830 591 917 Aragoniae
638 833 1012 900 executioni
1063 833 1423 901 mandavit.

423 957 878 1025 Bonifatius
955 957 1136 1024 Vlll.
1210 962 1467 1043 praeter
1534 960 2032 1029 moderationes
2102 961 2186 1028 ad
2256 980 2311 1029 c.
2436 960 2653 1043 „Licet
2723 961 3188 1028 ecclesiarum“

211 1063 337 1129 iam
387 1082 590 1149 supra
638 1064 869 1131 allatas
916 1067 981 1131 et
1027 1068 1284 1150 praeter
1328 1085 1381 1133 c.
1439 1066 1715 1144 „Sancta
1763 1067 2066 1141 Romana
2115 1068 2537 1154 Ecclesia“2),
2587 1069 2653 1134 in
2704 1088 2842 1154 quo
2893 1069 3194 1155 provisio

211 1171 637 1237 ecclesiarum
674 1172 1203 1257 patriarchalium
1240 1192 1328 1240 sc.
1350 1172 2166 1261 Constantinopolitanae,
2200 1175 2709 1256 Alexandrinae,
2735 1175 3195 1244 Antiochenae

210 1295 476 1343 necnon
506 1278 1158 1365 Hierosolymitanae
1182 1319 1271 1327 —
1293 1299 1412 1366 pro
1439 1284 1760 1368 tempore,
1788 1300 1926 1368 quo
1952 1283 2166 1349 dictae
2192 1284 2510 1350 ecclesiae
2537 1285 2762 1350 essent
2789 1283 2855 1349 in
2884 1283 3195 1349 manibus

211 1383 585 1450 infidelium
613 1386 717 1452 vel
745 1386 1340 1466 schismaticorum,
1367 1427 1456 1435 —
1479 1389 1846 1456 declaratur
1872 1392 2196 1456 reservata
2216 1389 2373 1457 Sedi
2400 1389 2855 1476 Apostolicae,
2882 1406 3196 1474 expresse

211 1491 564 1572 ordinavit,
594 1492 775 1578 quod
801 1494 1224 1578 provisiones
1242 1496 1668 1563 ecclesiarum
1695 1499 1828 1563 tam
1856 1496 2330 1564 cathedralium
2351 1516 2553 1583 quam
2581 1497 2979 1583 regularium
3009 1496 3194 1581 regni

210 1596 694 1685 Franciae,³)
750 1600 843 1678 „si
895 1619 1068 1686 quae
1116 1602 1391 1669 forsitan
1439 1606 1598 1671 tunc
1643 1605 1970 1671 vacabant
2000 1605 2106 1670 vel
2141 1623 2289 1671 cum
2326 1622 2441 1672 eas
2474 1623 2705 1671 vacare
2737 1605 3189 1689 contingeret“

212 1709 590 1790 spectarent
621 1706 706 1772 ad
756 1725 945 1774 suam
996 1712 1060 1775 et
1085 1708 1281 1776 Sedis
1308 1708 1737 1795 Apostolicae
1772 1710 2323 1796 dispositionem
2360 1730 2638 1799 quarum
2673 1711 3194 1778 reservationum

209 1830 448 1880 causas
526 1814 717 1881 facile
795 1815 1231 1902 intelligimus
1310 1818 1365 1884 si
1446 1818 1835 1885 notissimas
1915 1819 2062 1886 illas
2145 1819 2615 1886 contentiones
2703 1818 2871 1884 inter
2948 1816 3191 1883 dictum

209 1918 609 1987 Pontificem
660 1924 725 1988 et
771 1921 1156 2008 Philippum
1206 1922 1307 1989 IV.
1357 1926 1766 2011 cognomine
1813 1924 2168 1992 Pulchrum
2217 1925 2620 1993 Francorum
2692 1943 2916 2011 regem
2966 1924 3195 1992 animo

211 2027 778 2116 perpendimus.4)

427 2152 636 2219 Porro
686 2153 862 2220 idem
898 2153 1203 2222 Pontifex
1250 2156 1577 2223 beneficia
1625 2157 2073 2224 ecclesiastica
2103 2194 2193 2204 ——
2225 2158 2280 2223 si
2332 2174 2505 2242 quae
2551 2159 2710 2223 tunc
2755 2156 3061 2223 vacarent
3094 2156 3197 2223 vel

209 2278 361 2327 cum
412 2279 492 2326 ea
541 2278 772 2326 vacare
819 2262 1235 2347 contingeret
1279 2301 1369 2310 —
1413 2264 1905 2350 generaliter
1960 2264 2026 2331 in
2076 2264 2337 2331 civitate
2386 2263 2489 2330 vel
2550 2264 2843 2331 dioecesi
2895 2262 3196 2348 Lucan.⁵)

210 2367 398 2433 duxit
430 2367 783 2434 donationi
818 2366 1248 2454 Apostolicae
1283 2370 1700 2451 reservanda,
1735 2375 1806 2437 ut
1839 2370 2178 2456 aliquibus
2210 2371 2463 2438 clericis
2497 2371 2854 2438 subvenire
2887 2371 3197 2456 posset.⁶)

427 2491 929 2560 Benedictus
998 2493 1147 2574 Xl.,
1226 2494 1335 2561 die
1413 2495 1474 2561 6.
1523 2494 1695 2562 Νον.
1778 2495 1948 2562 1303
2037 2514 2153 2582 per
2235 2496 2785 2563 constitutionem
2872 2495 3196 2581 „Superni

208 2598 769 2686 dispositione“⁷)
818 2617 1057 2667 omnes
1116 2602 1361 2687 gratias
1433 2602 1915 2689 exspectativas
1986 2621 2023 2668 a
2096 2601 2632 2688 praedecessore·
2665 2619 2791 2668 suo
2839 2620 3198 2669 concessas

208 2706 292 2773 ad
376 2706 707 2773 beneficia
768 2707 873 2773 vel
944 2707 1166 2774 officia
1236 2709 1704 2789 ecclesiastica,
1784 2710 1851 2776 in
1926 2710 2171 2795 quibus
2247 2709 2350 2776 ius
2422 2710 2487 2776 in
2561 2727 2627 2775 re
2697 2708 2998 2776 nondum
3062 2711 3201 2776 erat

212 2814 622 2898 quaesitum,
696 2814 1086 2881 solemniter
1155 2817 1504 2883 revocavit.
1601 2816 1736 2897 Qui
1799 2821 2025 2883 tamen
2074 2816 2404 2895 Pontifex,
2477 2834 2886 2903 quamquam
2946 2834 3198 2883 novas

210 2921 736 2988 constitutiones
830 2924 1299 2991 reservatorias
1392 2943 1614 3011 neque
1707 2924 1877 2992 circa
1978 2925 2266 2992 insulam
2363 2923 2627 2991 Siciliae
2720 2943 2939 3012 neque
3032 2925 3199 2991 circa

211 3047 499 3114 regnum
581 3028 900 3097 Franciae
995 3021 1393 3116 publicavit,
1472 3036 1698 3099 tamen
1792 3032 2154 3099 nonnullas
2232 3050 2271 3098 a
2350 3032 2980 3117 praedecessoribus
3058 3033 3198 3099 suis

211 3138 343 3203 iam
442 3137 650 3204 factas
743 3138 954 3204 voluit
1044 3138 1465 3225 observari,·8)
1559 3158 1709 3206 cum
1804 3159 1866 3205 v.
1960 3159 2026 3226 g.
2124 3139 2191 3204 in
2284 3158 2493 3225 regno
2588 3138 2851 3206 Siciliae
2944 3140 3199 3225 priores

210 3244 769 3318 Reservationum
862 3243 1400 3329 Apostolicarum
1505 3264 1746 3313 causae
1839 3246 1879 3312 i.
1974 3265 2031 3313 e.
2126 3246 2626 3332 pertubationes
2727 3247 3201 3333 quaelibetque

345 3458 391 3528 1)
432 3457 517 3514 Cf.
557 3458 697 3512 Prou
744 3459 778 3513 l.
818 3474 862 3514 c.
902 3456 973 3514 n⁰
1008 3459 1114 3514 490
1160 3459 1324 3528 (1286
1360 3458 1477 3514 Jan.
1518 3459 1589 3529 2.)
1628 3459 1758 3525 vide
1795 3461 1956 3513 etiam
1993 3462 2335 3528 provisiones
2373 3461 2428 3514 et
2465 3460 2832 3514 ordinationes
2869 3461 2977 3514 tarn
3017 3459 3200 3529 quoad

207 3548 511 3618 spiritualia
552 3563 712 3617 quam
752 3550 1066 3618 temporalia
1104 3564 1201 3618 pro
1237 3549 1685 3620 bonoregimine
1722 3551 1876 3619 regni
1915 3547 2142 3603 Siciliae.
2199 3548 2348 3619 Mag.
2376 3545 2513 3602 Buli.
2539 3547 2690 3609 Rom.
2723 3550 2766 3604 1.
2806 3564 2851 3604 c.
2891 3564 2943 3619 p.
2983 3550 3053 3604 70
3078 3565 3199 3619 sqq.

343 3636 391 3705 ἵ)
430 3649 476 3692 c.
517 3636 568 3692 3.
611 3640 664 3692 in
703 3636 915 3692 Extrav.
955 3637 1166 3693 Comm.
1206 3638 1241 3692 1.
1279 3638 1329 3693 3.

343 3725 394 3796 ³)
433 3726 745 3795 Grandjean
786 3726 817 3781 l.
858 3742 901 3781 c.
942 3725 1012 3782 n⁰
1047 3725 1168 3792 295,
1212 3726 1363 3782 1256.

433 3814 731 3879 Drumann‚
772 3815 971 3871 Ctesch.
1012 3814 1186 3870 Bonif.
1225 3814 1353 3871 VIII.
1393 3816 1429 3880 1,
1471 3816 1572 3872 160
1610 3831 1729 3886 sqq.
1770 3816 1826 3881 11,
1866 3815 1899 3869 2
1938 3831 2057 3885 sqq.

340 3903 395 3974 ⁴)
436 3903 548 3958 Sed
586 3919 975 3974 nonnunquam
1016 3905 1194 3960 dictus
1231 3905 1480 3961 Pontifex
1504 3907 1725 3976 petitam
1754 3919 2106 3974 personarum
2132 3906 2659 3959 nominationem
2686 3905 2756 3960 ad
2783 3907 3013 3960 maiores
3041 3921 3200 3975 quas·

208 3994 339 4048 dam
405 3994 665 4048 ecclesias
726 3993 977 4063 Phiiippo
1039 3997 1151 4065 regi
1209 3994 1457 4060 indulsit;
1519 4010 1571 4049 v.
1628 4011 1682 4066 g.
1739 3995 1835 4050 die
1891 3995 1976 4049 22.
2034 3993 2188 4049 febr.
2251 3993 2386 4049 1298
2442 3976 2727 4065 Archiep‘is
2783 3994 3092 4048 Narbonen.
3147 3995 3201 4048 et

210 4082 413 4138 Dolen.
453 4097 515 4137 ac
553 4081 986 4137 Autissiodoren.
1025 4083 1368 4138 ecclesiarum
1427 4084 1579 4138 dedit
1630 4084 1961 4149 mandatum,
2019 4084 2077 4137 ut
2132 4085 2236 4152 ipsi
2283 4083 2371 4136 vel
2409 4083 2520 4136 duo
2576 4084 2669 4136 aut
2707 4097 2847 4136 unus
2884 4097 3071 4137 eorum
3117 4085 3200 4145 ¹‚in

209 4172 450 4243 singulis
488 4171 886 4226 cathedralibus
924 4173 977 4225 et
1013 4172 1314 4243 collegiatis
1352 4173 1596 4228 ecclesiis
1635 4175 1788 4245 regni
1815 4172 2086 4237 Franciae,
2127 4171 2479 4243 Lugdunensi
2518 4173 2572 4225 et
2597 4171 2899 4225 vivariensi
2938 4172 3200 4238 ecclesiis,

211 4275 357 4330 quae
396 4260 468 4315 de
506 4275 677 4331 regno
715 4261 837 4329 ipso
875 4276 983 4316 non
1022 4275 1144 4316 esse
1182 4276 1243 4315 se
1281 4263 1542 4326 asserunt,
1583 4261 1859 4317 dumtaxat
1898 4262 2155 4330 exceptiS,
2206 4260 2437 4331 singulis
2484 4262 2732 4329 personis
2770 4260 2999 4324 idoneis,
3040 4275 3202 4330 quas

211 4363 325 4404 rex
348 4352 513 4419 'ipse
551 4350 820 4403 duxerit
856 4351 1300 4405 nominandas
1338 4350 1406 4405 de
1446 4350 1677 4421 singuiis
1715 4350 2121 4405 canonicatibus
2148 4348 2492 4403 ecclesiarum
2532 4350 2766 4418 ipsarum
2794 4349 2848 4402 et
2873 4348 3200 4418 praebendis

210 4440 347 4494 nulli
407 4439 479 4493 de
533 4440 649 4494 iure
712 4439 926 4504 debitis,
983 4441 1031 4494 si
1087 4441 1280 4493 vacant
1335 4441 1388 4494 in
1445 4442 1578 4509 ipsis
1629 4440 1873 4494 ecclesiis
1919 4439 2008 4493 vel
2066 4453 2227 4508 quam
2287 4439 2392 4493 cito
2451 4440 2729 4492 vacarent·
2796 4439 3205 4494 auctoritate

211 4528 616 4599 Apostolica
655 4528 943 4598 providere
981 4528 1211 4583 sollicite
1248 4530 1510 4584 curarent.
3061 4525 3064 4528 Α

435 4615 517 4673 Cf.
558 4616 835 4751 Digardl.
874 4633 919 4672 c.
959 4616 1030 4672 n⁰
1066 4617 1205 4673 2417
1247 4618 1408 4686 (1298
1443 4617 1597 4674 Febr
1636 4618 1712 4687 9).

807 4729 829 4753 s
879 4729 900 4752 ι
956 4705 1028 4761 n⁰
1062 4706 1204 4762 2419
1242 4707 1352 4776 (22.
1389 4707 1529 4762 Febr
1567 4723 1613 4761 e.
1651 4707 1723 4777 a).

348 4795 400 4863 ⁵)
440 4795 751 4865 Grandjean
791 4796 824 4850 l.
865 4811 909 4851 c.
948 4794 1022 4851 n⁰
1058 4795 3069 4850 3216..

348 4884 395 4952 ⁰)
434 4883 739 4953 specialem
797 4887 1018 4955 insuper
1073 4885 1266 4940 direxit
1320 4886 1760 4939 constitutionem
1817 4885 2000 4938 contra
2058 4883 2251 4938 dantes
2307 4881 2514 4951 aliquid
2568 4883 2657 4937 vel
2695 4883 3071 4952 promittentes
3111 4885 3204 4938 aut

217 4975 542 5043 recipientes
567 4988 664 5042 pro
702 4973 1069 5029 obtinenda
1108 4975 1323 5044 gratia
1360 4974 1449 5027 vei
1487 4975 1685 5028 iustitia
1724 4973 1870 5042 apud
1898 4972 2097 5028 Sedem
2133 4972 2521 5041 Apostolicam,
2561 4971 2708 5041 Mag.
2748 4970 2885 5025 Buil.
2915 4971 3068 5031 Rom.
3097 4973 3131 5026 l.
3160 4988 3205 5026 c-

218 5078 272 5131 p.
316 5062 420 5118 126
482 5076 605 5117 cum
657 5064 783 5117 nota
839 5062 1103 5116 adiuncta.
1180 5062 1324 5116 ldem
1385 5061 1630 5117 Pontifex
1685 5062 1982 5131 publicavit
2036 5063 2197 5115 etiam
2255 5075 2567 5129 processum
2624 5061 2805 5114 contra
2862 5059 3206 5115 offendentes

218 5152 506 5206 venientes
544 5151 599 5204 et
637 5151 952 5206 recedentes
990 5153 1056 5206 ab
1096 5151 1242 5207 Urbe
1281 5151 1313 5205 1.
1354 5166 1398 5205 c.
1438 5166 1490 5220 p.
1535 5150 1651 5206 158.

352 5240 401 5309 ⁷)
439 5238 751 5308 Grandjean
789 5240 822 5294 l.
861 5256 906 5294 c.
946 5237 1018 5295 n⁰
1054 5241 1175 5305 208,
1220 5240 1355 5296 1103
1394 5239 1555 5307 (1303
1593 5240 1733 5294 Nov.
1774 5240 1848 5307 6).

351 5329 398 5398 ⁸)
436 5327 645 5383 Ibidem
685 5328 758 5382 n⁰
793 5328 914 5394 233,
954 5329 1075 5394 234,
1113 5330 1235 5395 449,
1275 5326 1395 5393 295,
1439 5328 1589 5386 1123.
