3688 5825
1974 282 2057 342 74

527 492 767 556 extunc
846 490 1093 555 irritum
1176 492 1239 554 et
1310 491 1529 567 inane,
1610 489 1930 574 quicquid
2008 493 2232 557 contra
2303 489 2848 567 reservacionem,
2921 489 3398 557 inhibicionem
3450 493 3513 555 et

526 596 861 663 decretum
881 597 935 683 3)
1006 599 1234 663 nostra
1306 596 1693 663 huiusmodi
1754 597 1990 681 quavis
2040 597 2422 664 auctoritate
2479 597 2760 662 scienter
2805 597 2908 662 vel
2961 596 3347 683 ignoranter
3394 615 3509 681 per

527 722 990 789 quoscumque
1038 705 1390 790 contigerit
1438 705 1829 789 attemptari.

740 810 1049 878 Ceterum
1111 812 1425 879 volumus
1484 815 1547 877 et
1603 814 1828 878 nostre
1902 812 2301 878 intencionis
2350 811 2589 889 existit,
2653 810 2887 877 eadem
2954 810 3506 889 reservacionem,

527 918 1006 985 inhibicionem
1056 924 1120 985 et
1167 918 1498 985 decretum
1564 937 1991 1004 nequaquam
2066 918 2332 984 extendi
2382 917 2464 984 ad
2525 919 2929 984 monasteria
3000 918 3395 984 monialium
3446 921 3507 984 et

525 1026 801 1092 aliarum
838 1027 1297 1113 religiosarum
1334 1026 1683 1091 mulierum
1720 1043 1844 1091 nec
1877 1025 1959 1091 ad
1994 1025 2307 1092 ecclesias
2339 1025 2443 1090 vel
2480 1025 2807 1110 prioratus
2855 1043 2991 1091 non
3028 1024 3506 1091 conventuales

528 1151 645 1198 seu
696 1152 981 1218 quorum
1016 1133 1285 1211 fructus,
1320 1132 1615 1198 redditus
1649 1136 1716 1199 et
1748 1137 2112 1218 proventus
2146 1133 2350 1199 annui
2384 1151 2714 1199 summam
2752 1132 3239 1217 quinquaginta
3273 1131 3505 1197 floren.

527 1241 667 1306 auri
727 1241 1094 1308 secundum
1168 1241 1671 1307 estimacionem
1723 1240 1928 1326 patrie
1989 1258 2125 1306 non
2198 1239 2542 1306 excedunt.
2656 1239 2836 1306 Nulli
2909 1257 3068 1324 ergo
3116 1241 3236 1305 etc.

739 1347 986 1414 Datum
1034 1346 1368 1413 Avinione
1419 1346 1485 1412 11.
1536 1365 1695 1412 non.
1744 1347 1906 1413 Maii
1924 1347 1981 1433 4)
2031 1350 2215 1431 pont.
2266 1347 2471 1414 nostri
2521 1367 2578 1414 a.
2630 1346 2950 1413 secund0.

653 1529 694 1596 1)
736 1527 915 1582 deest:
957 1527 1021 1582 V.

649 1616 694 1685 2)
732 1616 1024 1686 procedere
1063 1617 1398 1686 presumant:
1439 1615 1507 1679 B;
1547 1615 1611 1669 V.

649 1706 697 1775 ⁸)
735 1707 791 1760 ln
831 1706 965 1760 Cod.
1005 1705 1069 1759 V.
1109 1705 1307 1759 desunt
1343 1704 1505 1759 verba
1545 1719 1574 1758 a
1619 1705 1951 1767 ¹‚decretum·¹
2000 1720 2172 1774 usque
2213 1705 2283 1759 ad
2329 1710 2728 1775 „nequaquam“
2773 1706 2872 1759 etc.

647 1795 693 1863 ⁴)
733 1795 1028 1849 Februarii:
1070 1794 1134 1848 V.

530 2116 666 2172 1336
704 2116 827 2172 Oct.
867 2115 951 2171 23.
1949 2009 2074 2087 21⁶

527 2205 664 2261 Cod.
704 2205 763 2260 B.
804 2222 856 2275 p.
895 2205 964 2260 93
1003 2220 1084 2274 sq.

526 2333 982 2423 Declaraci0‚
1063 2331 1273 2433 quod
1338 2331 1719 2421 beneficia,
1801 2355 1950 2433 que
2008 2332 2384 2411 debebant
2439 2355 2698 2410 vacare
2755 2355 2889 2433 per
2942 2335 3496 2409 assecucionem

526 2459 839 2537 aliorum
916 2457 1476 2548 beneficiorum,
1555 2460 1724 2534 ante
1799 2461 2358 2535 assecucionem
2436 2456 2867 2535 huiusmodi
2946 2459 3309 2559 resignata
3386 2455 3498 2532 vel

907 2585 1341 2683 permutata,
1401 2583 1574 2659 sunt
1629 2581 1832 2682 apud
1889 2582 2147 2660 sedem
2206 2583 2695 2683 apostolicam
2758 2584 3142 2659 reservata.

980 2723 1430 2802 Benedictus
1487 2727 1617 2801 etc,
1734 2721 1859 2802 Ad
1916 2728 2351 2826 perpetuam
2414 2727 2510 2803 rei
2571 2728 3034 2802 memoriam.

729 2866 1038 2934 Dudum
1090 2884 1233 2932 nos
1280 2866 1517 2932 certis
1553 2885 1633 2932 ex
1666 2866 1886 2933 causis
1935 2869 2054 2934 etc.
2093 2918 2106 2931 .
2159 2918 2172 2932 .
2226 2918 2239 2932 .
2289 2865 2473 2952 (fere
2501 2865 2738 2932 eadem
2770 2864 2982 2932 verba
3014 2866 3199 2932 acin
3232 2864 3499 2932 decreto

526 2974 638 3041 die
683 2974 788 3040 22.
821 2974 1005 3058 Sept.
1046 2972 1222 3039 1336
1252 2972 1663 3058 publicato.)

731 3081 895 3162 Nos,
968 3098 1170 3165 super
1274 3081 1620 3166 premissis
1727 3080 2075 3165 providere
2183 3082 2505 3160 volente8‚
2592 3082 2973 3148 auctoritate
3078 3081 3496 3164 presencium

526 3188 959 3265 declaramu5‚
1018 3190 1241 3252 nostre
1293 3187 1691 3253 intencionis
1739 3187 1946 3253 fuisse
1995 3192 2059 3254 et
2091 3187 2307 3253 adhuc
2339 3189 2639 3268 existere,
2689 3187 2871 3272 quod
2906 3187 3139 3254 eadem
3175 3187 3499 3253 beneficia

527 3315 644 3382 per
712 3294 1236 3361 reservacionem
1287 3296 1352 3360 et
1399 3293 1734 3361 decretum
1794 3294 2082 3380 predicta
2154 3294 2323 3360 adeo
2373 3299 2598 3361 essent
2645 3295 2897 3373 affecta,
2972 3293 3175 3379 quod,
3240 3294 3499 3360 etiamsi

529 3407 679 3469 ante
750 3402 1250 3468 assecucionem
1273 3399 1324 3487 1)
1387 3400 1704 3486 prefatam
1758 3419 1876 3486 per
1922 3402 2454 3486 resignacionem
2506 3403 2875 3487 simplicem
2925 3401 3162 3467 factam
3212 3401 3320 3465 vel
3370 3401 3498 3466 alio

528 3509 980 3596 quovismodo
1048 3527 1281 3575 vacare
1352 3509 1787 3593 contingeret,
1810 3509 1863 3595 2)
1937 3509 2020 3575 de
2070 3509 2235 3594 ipsis
2285 3528 2402 3594 per
2447 3509 2648 3575 alium
2721 3527 2923 3593 quam
2997 3526 3114 3592 per
3161 3525 3290 3573 nos
3364 3526 3496 3573 non

527 3617 813 3703 potuerit
882 3634 1101 3700 neque
1174 3615 1387 3700 possit
1458 3616 1896 3700 imposterum
1969 3616 2164 3682 alicui
2237 3616 2566 3700 provideri
2640 3634 2757 3682 seu
2809 3615 3050 3700 quovis
3107 3614 3241 3680 alio
3292 3613 3497 3680 modo

526 3724 818 3809 disponi.
911 3723 1055 3789 Nos
1105 3723 1377 3807 insuper
1422 3725 1541 3789 etc,
1594 3774 1607 3788 .
1660 3772 1675 3788 .
1727 3774 1740 3787 .
1792 3723 2227 3788 incursurum.

738 3831 982 3897 Datum
1066 3828 1398 3896 Avinione
1448 3829 1534 3918 X.
1607 3829 1733 3895 kal.
1796 3829 2199 3896 Novembris
2271 3829 2695 3915 pontificatus
2766 3829 2975 3895 nostri
3046 3847 3104 3894 a.
3178 3829 3498 3895 secundo

650 4009 691 4079 1)
729 4011 852 4063 ante
890 4010 1317 4063 reservacionem
1361 4009 1414 4061 et
1451 4009 1860 4062 assecucionem
1900 4005 2178 4076 pacificam
2216 4022 2312 4077 per
2349 4009 2776 4078 resignacionem
2815 4007 2943 4060 etc.:
2982 4005 3046 4060 V.

649 4097 694 4169 ⁹)
733 4098 1039 4169 contingat:
1078 4095 1143 4151 V.

529 4438 664 4494 1340
698 4438 842 4494 Junir
880 4437 966 4492 28.
1953 4329 2076 4407 22⁸

524 4527 653 4599 Reg.
694 4528 814 4582 Vat.
851 4529 889 4581 t.
932 4526 1032 4581 128
1068 4541 1154 4596 ep.
1194 4525 1278 4579 74.

1425 4650 1551 4730 Ad
1605 4653 1925 4730 futuram
1987 4656 2085 4729 rei
2145 4657 2605 4731 memoriam.

737 4794 1064 4861 Tenorem
1102 4793 1516 4879 quarundam
1550 4793 1906 4860 litterarum
1941 4793 2023 4859 fe.
2053 4813 2137 4860 re.
2163 4794 2493 4861 Johannis
2533 4812 2748 4879 papae
2786 4793 2972 4859 XXII.
3001 4792 3497 4878 predecessoris

527 4903 735 4969 nostri
770 4903 836 4967 in
873 4901 1173 4967 eiusdem
1210 4903 1504 4986 regestro
1540 4904 1892 4985 repertum,
1942 4900 2025 4965 de
2054 4901 2260 4967 verbo
2296 4901 2378 4967 ad
2412 4901 2686 4968 verbum
2722 4900 3142 4986 presentibus
3192 4900 3493 4967 annotari

524 5010 822 5086 fecimus,
873 5008 986 5093 qui
1037 5009 1186 5075 talis
1222 5012 1339 5074 est.
1416 5008 1765 5074 Johannes
1815 5008 2179 5093 episcopus
2228 5026 2458 5074 servus
2501 5027 2838 5075 servorum
2874 5007 3003 5073 dei.
3075 5006 3176 5072 Ad
3210 5006 3494 5074 futuram

526 5117 615 5182 rei
689 5116 1096 5183 memoriam.
1194 5116 1260 5180 ln
1333 5114 1700 5200 apostolice
1772 5113 2219 5180 solicitudinis
2291 5116 2559 5200 specula
2609 5118 2727 5182 etc.
2778 5132 2992 5200 usque
3064 5113 3180 5179 ad:
3249 5114 3494 5181 Datum

528 5223 863 5289 Avinione
897 5224 989 5288 Ill.
1025 5224 1150 5288 kal.
1186 5220 1469 5308 Augusti
1515 5221 1942 5307 pontificatus
1976 5221 2183 5287 nostri
2234 5240 2411 5288 anno
2462 5226 2670 5288 sexto.
2765 5221 3203 5289 Decernimus
3253 5221 3496 5307 itaque,

526 5332 820 5397 tenorem
870 5330 1159 5396 eundem
1208 5329 1421 5395 taliter
1467 5332 1858 5396 annotatum
1910 5327 2088 5394 illam
2140 5327 2343 5396 fidem
2393 5330 2643 5415 ubique
2694 5332 2824 5396 tam
2879 5330 2944 5395 in
2992 5328 3242 5395 iudicio
3295 5347 3493 5413 quarn
