3688 5825
1654 1171 1749 1250 111.

212 1495 540 1579 Unicae
633 1497 1217 1578 reservationis
1300 1498 1716 1608 generalis
1811 1498 1909 1578 in
2005 1524 2404 1607 corpore
2498 1499 2730 1579 iuris
2822 1498 3196 1579 clausae

1110 1693 1566 1803 explicatio,
1675 1704 2022 1792 (1265-
2051 1706 2310 1791 1305.)

1552 1960 1869 1967 -———.—-

437 2158 708 2291 Unica
760 2222 1141 2296 Reservatio
1190 2223 1521 2308 generalis
1570 2224 1635 2289 in
1686 2242 2017 2310 corpore
2067 2226 2261 2291 iuris
2308 2227 2580 2293 clausa
2633 2265 2722 2274 --
2776 2226 2924 2292 licet
2975 2226 3198 2311 quoad

221 2349 553 2416 personas
621 2348 815 2396 cursu
885 2331 1206 2416 temporis
1277 2330 1726 2396 diversimode
1796 2335 2069 2397 extensa
2128 2333 2212 2398 sit
2279 2370 2366 2380 -—
2435 2333 2801 2400 declaratur
2847 2333 2978 2411 illa,
3029 2351 3202 2417 quae

221 2438 448 2504 locum
483 2438 714 2504 habuit
749 2437 814 2503 in
849 2456 1028 2516 casu,
1064 2455 1201 2523 quo
1236 2437 1509 2522 aliquod
1538 2438 1939 2505 beneficium
1974 2439 2251 2504 vacabat
2282 2457 2481 2505 causa
2516 2440 2790 2506 mortis
2826 2439 3199 2506 beneficiati

223 2544 451 2630 apud
502 2543 796 2610 Sedem
834 2542 1450 2629 Apostolicam.
1546 2544 1739 2625 Quae
1773 2543 2047 2629 quidem
2084 2543 2630 2617 Reservationum
2665 2544 3200 2631 Apostolicarum

223 2652 492 2738 species
542 2652 825 2737 primum
877 2670 914 2717 a
963 2650 1310 2718 Clemente
1381 2650 1481 2717 IV.
1553 2651 1662 2716 die
1710 2650 1955 2716 XXVII.
2018 2649 2188 2736 Aug.
2254 2652 2419 2718 1265
2470 2671 2588 2738 per
2635 2653 2907 2720 modum
2960 2652 3201 2719 decreti

220 2758 581 2844 generalis,
632 2757 815 2843 quod
866 2758 1123 2843 incipit:
1181 2757 1397 2835 „Licet
1445 2758 1974 2843 ecclesiarum“¹)
2026 2758 2394 2825 introducta
2443 2763 2563 2826 est.

448 2883 595 2950 Hoc
642 2882 974 2951 decretum
1029 2884 1329 2970 pluribus
1377 2883 1460 2950 de
1508 2883 1728 2949 causis
1776 2882 2047 2949 maximi
2096 2887 2197 2950 est
2245 2885 2590 2951 momenti.

446 3009 774 3095 Imprimis
821 3011 1000 3076 enim
1052 3010 1117 3075 in
1166 3010 1343 3075 dicto
1392 3009 1606 3094 capite
1654 3008 2021 3074 declaratur
2067 3009 2426 3094 plenariam
2479 3009 2990 3095 dispositionem
3040 3011 3206 3077 circa

228 3117 571 3195 ecclesias,
642 3116 1025 3202 dignitates
1098 3119 1494 3203 personatus
1556 3116 1819 3201 aliaque
1884 3115 2207 3182 beneficia
2257 3116 2700 3183 ecclesiastica
2752 3118 3075 3201 pertinere
3123 3117 3205 3183 ad

231 3223 610 3297 Romanum
658 3223 1050 3291 Pontificem
1101 3225 1210 3303 ita,
1275 3227 1345 3289 ut
1392 3242 1527 3289 non
1580 3224 1796 3289 solum
1848 3222 2181 3289 eiusmodi
2246 3223 2567 3290 beneficia
2631 3225 2932 3290 vacantia
2994 3225 3208 3309 possit

232 3331 318 3397 de
370 3331 510 3396 iure
558 3331 852 3397 conferre
902 3331 1020 3398 sed
1070 3331 1268 3397 etiam
1320 3331 1423 3396 ius
1471 3331 1755 3396 tribuere
1806 3330 1871 3394 in
1924 3330 2089 3415 ipsis
2137 3330 2589 3396 vacaturis.

451 3455 609 3536 Quo
678 3457 815 3522 iure
886 3457 1051 3522 circa
1124 3456 1398 3522 liberam
1472 3456 1773 3521 omnium
1849 3455 2324 3521 beneficiorum
2396 3456 2602 3521 totius
2664 3457 2847 3522 orbis
2905 3457 3208 3523 catholici

234 3563 660 3629 collationem
691 3564 1006 3641 stabilitO,
1027 3564 1172 3649 ipse
1191 3562 1532 3636 Romanus
1550 3562 1858 3628 Pontifex
1884 3562 1965 3628 ad
1994 3563 2334 3646 antiquam
2365 3563 2630 3629 recurrit
2653 3564 3208 3629 consuetudinem

236 3670 620 3736 conferendi
671 3670 1065 3755 ecclesias‚2)
1138 3673 1556 3754 personatus,
1628 3669 1991 3754 dignitates
2041 3687 2115 3735 ac
2162 3669 2487 3736 beneficia
2566 3670 2836 3756 „apud
2910 3669 3207 3736 Sedem

370 3938 412 4006 ι)
455 3961 520 3984 =
560 3954 603 3992 c.
643 3939 691 3993 2.
732 3939 801 3992 de
840 3939 1020 4008 praeb.
1061 3938 1133 3993 111.
1172 3940 1206 3993 4
1245 3941 1297 3992 in
1338 3938 1457 3992 vlo.

458 4051 521 4072 =
564 4027 692 4098 Reg.
731 4027 848 4082 Vat.
888 4029 924 4082 t.
964 4028 1034 4082 32
1072 4027 1139 4081 n0
1176 4028 1296 4082 211.

454 4116 673 4171 Jordan.
750 4117 781 4171 l.
822 4133 866 4172 c.
907 4116 978 4171 n⁰
1016 4118 1119 4171 212
1158 4119 1295 4185 (sine
1334 4118 1518 4185 textu).

457 4206 717 4261 Potthast.
793 4206 922 4277 Reg.
961 4206 1114 4260 Pont.
1153 4205 1226 4260 n0
1267 4206 1467 4261 19326.

457 4294 634 4349 Verba
672 4296 799 4350 dicti
839 4298 1043 4364 capitis
1083 4299 1242 4364 prout
1279 4298 1623 4350 inveniuntur
1660 4298 1712 4349 in
1741 4295 2001 4366 Registris
2028 4296 2302 4350 Vaticanis
2340 4297 2500 4365 plane
2539 4295 2865 4350 concordant
2902 4310 3023 4349 cum
3064 4298 3209 4350 textu

252 4388 485 4454 corporis
513 4387 641 4439 iuris
667 4387 925 4450 canonici,
966 4387 1067 4438 nisi
1096 4385 1243 4453 quod
1272 4387 1324 4438 in
1353 4384 1610 4456 Registris
1637 4388 1714 4439 sic
1742 4386 2000 4457 legimus:
2047 4387 2377 4449 ¹‚statuimus‚
2418 4387 2475 4438 ut
2501 4386 2773 4450 ecclesiaS,
2812 4387 3217 4454 personatus

255 4473 543 4544 dignitates
581 4476 634 4528 et
669 4474 935 4528 beneficia
975 4476 1073 4528 etc.
1221 4516 1232 4528 .
1272 4489 1381 4528 non
1420 4477 1742 4545 praesumat.
1818 4475 2017 4529 Datum
2057 4474 2259 4529 Perusii
2300 4474 2385 4528 Vl.
2461 4474 2544 4532 ΚΙ.
2608 4473 2754 4543 Sept.
2793 4489 2838 4527 a.
2879 4474 2913 4528 1.

459 4562 542 4618 ci.
587 4565 773 4617 etiam:

461 4653 648 4718 Eubel,
687 4653 821 4707 Zum
860 4653 1196 4722 papstlichen
1235 4652 1632 4712 Reservations-
1672 4652 1782 4707 und
1822 4653 2337 4708 Provisionswesen.
2396 4652 2545 4712 Rom.
2610 4651 2974 4717 Quartalschr.
3014 4654 3049 4706 t.
3091 4653 3217 4707 Vlll.

257 4757 305 4810 p.
346 4741 445 4797 169
482 4757 600 4812 sqq.

463 4832 851 4887 Thomassinus
889 4833 921 4886 l.
962 4847 1005 4886 c.
1045 4832 1102 4886 Ρ.
1143 4832 1196 4886 11.
1236 4833 1268 4886 l.
1314 4834 1356 4886 1.
1396 4847 1440 4886 c.
1478 4832 1563 4886 48.

463 4921 688 4992 Phillips
726 4923 758 4976 l.
797 4938 841 4977 c.
881 4921 946 4985 V,
984 4921 1089 4976 499
1125 4937 1245 4991 sqq.

465 5011 761 5066 Hinschius
799 5011 833 5065 l.
872 5027 917 5066 c.
957 5011 1042 5075 IV,
1086 5011 1184 5066 123
1223 5026 1340 5081 sqq.

378 5100 420 5168 ἵ)
459 5100 690 5156 Nomine
723 5102 1039 5165 „ecclesiae·
1074 5101 1177 5155 hoc
1215 5101 1336 5154 loco
1374 5101 1721 5169 episcopatus
1746 5102 1798 5152 et
1835 5099 2078 5152 abbatias
2116 5114 2225 5152 non
2262 5097 2430 5152 fuisse
2457 5100 2876 5168 comprehensas
2916 5101 3018 5153 iam
3066 5102 3220 5169 quasi

264 5193 557 5244 communis
595 5193 706 5245 erat
742 5193 1023 5254 sententia,
1063 5193 1163 5244 etsi
1202 5189 1379 5244 adhuc
1417 5190 1557 5242 certe
1594 5188 1806 5258 probari
1844 5202 1954 5241 non
1995 5188 2183 5256 potuit.

468 5279 548 5335 cf.
590 5281 771 5337 Gloss.
810 5280 878 5334 ad
918 5278 981 5334 V.
1028 5280 1426 5350 „dignitatum.·

470 5369 692 5440 Phillips
730 5371 763 5424 l.
803 5385 846 5424 c.
887 5386 938 5439 p.
977 5369 1081 5425 398
1118 5385 1237 5439 sqq.
