3688 5825
1943 316 2068 376 104

1945 732 2069 813 50.

514 860 650 916 1362
686 860 806 916 Jan.
852 860 931 915 16.

509 949 648 1005 Cod.
687 950 746 1005 B.
787 949 877 1005 fol.
922 947 1218 1004 151—154.

706 1182 940 1280 Quod
1001 1183 1349 1262 ordinarii
1408 1185 1700 1284 possint
1756 1181 2092 1260 conferre
2149 1185 2492 1282 personis
2545 1180 2868 1284 ydoneis
2923 1182 3287 1261 beneficia

1602 1327 1949 1403 vacancia
2011 1327 2398 1402 reservata.

721 1504 1156 1571 Innocencius
1204 1506 1323 1570 etc.
1419 1500 1528 1569 Ad
1564 1520 1679 1580 ea,
1753 1519 1905 1586 que
1939 1500 2145 1567 divini
2191 1500 2408 1567 cultus
2457 1504 2892 1587 augmentum
2942 1520 3019 1569 ac
3064 1503 3496 1570 ecclesiarum

507 1614 572 1678 et
646 1611 1240 1677 ecclesiasticorum
1318 1610 1795 1676 beneficiorum
1872 1612 2113 1675 statum
2190 1609 2550 1694 respiciunt
2620 1609 2899 1676 libenter
2947 1610 3362 1678 intendimus
3433 1616 3498 1678 et

508 1719 877 1785 animarum
914 1718 1245 1803 periculiS‚
1295 1721 1617 1801 quantum
1653 1734 1803 1783 curn
1838 1715 1969 1782 deo
2005 1734 2389 1802 possumus,
2424 1715 2808 1783 affectuosis
2842 1716 3081 1783 studiis
3115 1718 3496 1784 obviamus.

508 1824 680 1891 Cum
752 1826 976 1909 itaque
1024 1824 1109 1890 ad
1173 1824 1590 1891 audienciam
1650 1826 1945 1890 nostram
1997 1823 2385 1908 pervenerit,
2458 1823 2640 1907 quod
2691 1824 3013 1889 nonnulla
3061 1825 3497 1891 canonicatus

508 1935 571 1998 et
620 1931 978 2017 prebende,
1029 1931 1308 1998 ecclesie
1356 1933 1419 1997 et
1452 1931 1579 1996 alia
1612 1930 1938 1998 beneficia
1973 1930 2436 2009 ecclesiastica,
2487 1930 2806 1997 secularia
2855 1933 2918 1996 et
2967 1931 3294 2015 regularia
3344 1950 3492 1998 cum

506 2056 659 2104 cura
709 2041 772 2104 et
821 2038 967 2104 sine
1014 2056 1188 2116 cura,
1236 2041 1368 2104 tam
1422 2036 1598 2123 apud
1643 2037 2085 2123 apostolicam
2137 2036 2389 2115 sedem,
2427 2055 2627 2121 quam
2665 2038 2729 2102 in
2766 2038 2910 2104 aliis
2944 2037 3225 2104 diversis
3261 2038 3495 2103 mundi

506 2146 826 2230 partibus,
876 2145 1328 2211 diversimode
1397 2147 1795 2211 vacaverunt
1866 2147 1931 2209 et
1998 2147 2235 2210 vacant
2282 2143 2365 2209 ad
2414 2162 2720 2229 presenS‚
2770 2161 3051 2229 quorum
3103 2145 3386 2212 collacio
3433 2148 3498 2211 et

506 2252 876 2338 disposicio
924 2253 1156 2337 vigore
1204 2251 1735 2317 reservacionum
1788 2269 1906 2336 per
1952 2269 2079 2317 nos
2127 2251 2439 2316 factarum
2492 2254 2604 2316 aut
2653 2251 2789 2316 iure
2823 2250 3139 2318 devoluto
3174 2270 3294 2317 seu
3331 2252 3496 2318 alias

506 2358 851 2425 dumtaxat
895 2359 1019 2425 hac
1065 2359 1207 2425 vice
1254 2356 1385 2444 [ad
1427 2357 1587 2444 hos]
1634 2359 1982 2443 pertinent,
2033 2376 2456 2443 quorumque
2506 2358 2824 2443 provisio,
2872 2376 3022 2423 cum
3072 2358 3493 2443 singulorum

508 2466 804 2551 ipsorum
840 2466 1315 2532 beneficiorum
1334 2466 1600 2531 vacacio
1619 2464 1702 2530 ad
1739 2468 2035 2531 nostram
2071 2464 2384 2531 noticiam
2420 2482 2556 2530 non
2593 2482 2792 2548 perve
2812 2465 3002 2543 nerit,
3021 2465 3087 2531 in
3122 2466 3493 2531 animarum

506 2572 873 2656 periculum
933 2575 996 2638 et
1043 2572 1517 2639 beneficiorum
1600 2572 1900 2656 ipsorum
1973 2571 2403 2657 dispendium
2477 2590 2611 2637 non
2687 2570 3022 2638 modicum
3104 2573 3491 2639 retardatur.

504 2678 647 2746 Nos
720 2680 1022 2745 volentes
1094 2697 1296 2764 super
1366 2679 1495 2744 hoc
1565 2682 1835 2763 paterne
1925 2678 2193 2763 pietatis
2242 2677 2539 2744 remedio
2590 2677 2936 2763 providere
2985 2697 3060 2745 ac
3106 2679 3495 2745 huiusmodi

508 2785 822 2872 dampnis
879 2789 944 2852 et
1003 2786 1313 2872 periculis
1349 2786 1639 2864 obviare,
1697 2786 2016 2852 omnibus
2065 2789 2129 2852 et
2175 2785 2460 2870 singulis
2511 2786 2807 2852 locorum
2856 2786 3208 2852 ordinariis
3258 2791 3324 2853 et
3372 2788 3494 2853 alis

506 2894 1043 2979 quibuscunque,
1112 2892 1192 2959 ad
1263 2911 1436 2978 quos
1500 2893 1664 2959 alias
1726 2893 2243 2960 canonicatuum
2296 2896 2359 2959 et
2407 2892 2889 2978 prebendarum
2941 2911 3018 2961 ac
3064 2894 3490 2961 ecclesiarum

504 3006 567 3068 et
648 3002 1126 3068 beneficiorum
1207 2999 1593 3067 huiusmodi
1652 3001 1952 3078 collacio‚
2043 3000 2340 3085 provisio
2418 3004 2531 3066 aut
2608 3004 3135 3086 presentatorum
3217 3001 3304 3067 ad
3385 3003 3490 3068 illa

506 3108 842 3174 institucio
878 3108 961 3174 de
1012 3109 1149 3174 iure
1198 3108 1301 3173 vel
1330 3107 1821 3174 consuetudine
1855 3108 2298 3174 communiter
2329 3107 2431 3173 vel
2468 3106 2733 3173 divisim
2769 3109 3070 3192 pertinet,
3103 3108 3491 3175 conferendi

505 3215 627 3281 hac
673 3216 815 3281 vice
864 3215 1206 3280 dumtaxat
1253 3216 1640 3281 auctoritate
1689 3215 2060 3300 apostolica
2132 3213 2517 3281 huiusmodi
2552 3215 2985 3281 canonicatus
3018 3218 3081 3280 et
3115 3214 3491 3300 prebendas

504 3340 580 3387 ac
627 3322 941 3388 ecclesias
989 3325 1053 3388 et
1102 3322 1227 3388 alia
1275 3321 1603 3388 beneficia
1652 3322 2098 3388 ecclesiastica
2148 3322 2243 3388 sic
2275 3321 2357 3387 ad
2394 3339 2670 3406 presens
2704 3323 3034 3400 vacancia,
3087 3325 3285 3407 prout
3328 3323 3490 3388 alias

503 3427 585 3493 ad
636 3447 755 3494 eos
810 3427 1166 3515 [collaciol
1233 3429 1676 3495 communiter
1744 3429 1847 3494 vel
1922 3428 2193 3493 divisim
2247 3428 2551 3513 pertinet,
2624 3427 2995 3494 dummodo
3067 3429 3486 3513 singulorum

505 3535 808 3620 ipsorum
874 3536 1389 3602 canonicatuum
1439 3538 1502 3601 et
1581 3535 2068 3620 prebendarum
2162 3537 2227 3600 et
2302 3535 2579 3600 aliorum
2662 3535 3136 3601 beneficiorum
3219 3535 3486 3610 fructus,

506 3641 805 3708 redditus
854 3645 918 3708 et
967 3645 1352 3727 proventuS,
1402 3642 1457 3708 si
1507 3660 1656 3708 cum
1705 3660 1857 3707 cura
1905 3641 2139 3726 viginti
2192 3641 2247 3707 si
2281 3659 2438 3708 vero
2469 3641 2614 3708 sine
2647 3660 2800 3707 cura
2832 3641 3072 3707 fuerint
3106 3642 3486 3726 quindecim

505 3748 814 3815 librarum
863 3748 1197 3815 Turonen.
1249 3767 1600 3834 parvorum
1652 3747 2020 3815 secundum
2058 3749 2475 3815 taxacionem
2529 3747 2809 3826 decime,
2859 3747 2973 3813 ubi
3023 3747 3103 3813 ad
3156 3748 3482 3815 decimam

503 3857 699 3922 taxati
750 3860 924 3934 sunt,
959 3857 1121 3922 alias
1169 3873 1326 3922 vero
1376 3855 1745 3922 secundum
1793 3873 2221 3921 communem
2271 3856 2804 3935 extimacionem,
2837 3855 3132 3921 valorem
3183 3874 3485 3921 annuum

505 3981 637 4028 non
689 3963 1031 4041 excedant,
1082 3963 1344 4048 singula
1397 3981 1624 4028 eorum
1662 3962 1970 4028 videlicet
2003 3962 2289 4046 singulis
2324 3963 2631 4047 personis
2675 3961 2963 4048 ydoneis
3012 3962 3223 4028 eciam
3278 3981 3483 4028 unum

501 4070 606 4135 vel
678 4070 814 4135 duo
886 4070 1329 4136 ecclesiastica
1403 4068 1728 4136 beneficia
1804 4069 2266 4135 obtinentibus
2335 4069 2438 4134 vel
2513 4069 3019 4153 expectantibus
3067 4072 3132 4135 et
3182 4069 3269 4135 de
3320 4071 3483 4154 ipsis

503 4176 897 4260 providendi
945 4179 1008 4242 et
1055 4178 1260 4244 eciam
1312 4174 1740 4260 disponendi,
1775 4175 2135 4241 inducendi
2187 4192 2460 4260 quoque
2510 4193 2627 4260 per
2673 4193 2745 4240 se
2791 4175 2895 4240 vel
2926 4175 3127 4240 alium
3166 4194 3287 4241 seu
3324 4178 3487 4243 alios

412 4355 421 4364 ‚
501 4300 825 4367 personas
904 4284 1086 4369 ipsas
1164 4282 1269 4348 vel
1349 4284 1808 4367 procuratores
1888 4300 2119 4348 eorum
2200 4282 2498 4367 ipsarum
2585 4281 2859 4347 nomine
2931 4282 2995 4347 in
3073 4284 3486 4367 corporalem

501 4391 1011 4474 possessionem
1074 4389 1585 4456 canonicatuum
1650 4392 1714 4454 et
1792 4388 2280 4474 prebendarum
2375 4389 2798 4454 ecclesiarum
2857 4390 2922 4453 et
2999 4389 3482 4456 beneficiorum

503 4497 799 4581 ipsorum
862 4497 1101 4562 iurium
1166 4499 1230 4562 et
1277 4496 1757 4581 pertinencium
1838 4497 2137 4581 ipsorum
2209 4499 2273 4561 et
2345 4494 2746 4561 defendendi
2828 4493 3152 4573 inductaS,
3237 4498 3486 4563 amotis

502 4602 742 4669 exinde
814 4604 1224 4688 quibuslibet
1290 4603 1748 4668 detentoribus
1820 4603 1905 4668 ab
1975 4601 2229 4668 eisdem
2305 4620 2379 4668 ac
2424 4601 2709 4668 faciendi
2762 4620 3095 4686 personas
3146 4603 3334 4688 ipsas
3386 4603 3484 4669 vel

503 4713 961 4794 procuratores
1026 4729 1249 4776 earum
1323 4710 1404 4776 ad
1481 4709 1855 4795 prebendas
1905 4708 2291 4776 huiusmodi
2344 4708 2410 4774 in
2462 4709 2779 4787 ecclesiis,
2828 4710 2893 4774 in
2944 4711 3190 4796 quibus
3241 4711 3484 4778 fuerint

502 4816 569 4881 in
640 4818 1004 4884 canonicos
1077 4818 1317 4902 recepti
1391 4820 1454 4883 et
1526 4817 1592 4882 in
1679 4816 1927 4893 fratres,
1991 4816 2186 4882 stallo
2235 4816 2332 4882 eis
2392 4816 2458 4881 in
2508 4816 2712 4882 choro
2762 4819 2825 4882 et
2872 4817 3022 4883 loco
3072 4818 3139 4882 in
3189 4819 3487 4903 capitulo

500 4939 649 4989 cum
721 4924 1135 5009 plenitudine
1209 4924 1366 4990 iuris
1432 4923 1734 4990 canonici
1786 4922 2165 5008 assignatis,
2238 4927 2302 4989 et
2362 4922 2442 4989 ad
2504 4923 2816 4989 ecclesias
2865 4925 2929 4989 et
2974 4924 3100 4989 alia
3151 4925 3483 4991 beneficia

500 5032 943 5107 ecclesiastica
979 5030 1374 5116 supradicta,
1426 5034 1497 5096 ut
1539 5033 1639 5096 est
1674 5030 1900 5107 moriS,
1950 5029 2202 5095 admitti
2240 5030 2474 5114 eisque
2510 5029 2593 5095 de
2629 5030 2925 5114 ipsorum
2971 5031 3484 5098 canonicatuum

500 5142 563 5204 et
612 5138 1094 5223 prebendarum
1204 5156 1278 5203 ac
1384 5137 1809 5204 ecclesiarum
1900 5139 1962 5202 et
2076 5136 2552 5202 beneficiorum
2646 5135 3002 5215 fructibuS,
3097 5137 3486 5214 redditibus,

502 5246 965 5330 proventibuS,
1017 5245 1270 5311 iuribus
1319 5248 1383 5310 et
1432 5243 1972 5310 obuencionibus
2023 5244 2348 5309 universis
2399 5243 2651 5327 integre
2701 5242 3112 5326 responderi.
3212 5244 3486 5311 Contra-

504 5351 787 5418 dictores
836 5355 957 5417 etc.
