3688 5825
1695 308 1776 365 21

458 513 635 580 Idem
752 513 1111 581 dicendum
1230 516 1332 580 est
1459 513 1543 581 de
1659 514 2229 600 resignationibus
2263 513 2314 597 ¹)
2429 514 2979 581 translationibus
3014 514 3067 601 2)
3184 517 3250 580 et

253 621 925 708 permutationibus-⁵³)
962 619 1176 687 -factis
1255 621 1465 706 apud
1545 620 1825 688 Sedem
1905 620 2454 707 Apostolicam
2550 622 2691 688 sive
2784 622 2851 687 in
2932 622 3245 687 manibus

245 725 615 794 PontificiS.

454 851 660 919 Porro
709 852 816 919 hic
864 871 1001 919 non
1036 852 1592 939 praetereundum
1643 871 1793 919 esse
1840 870 2087 919 censeo
2147 891 2224 899 —
2301 851 2608 938 quamvis
2657 850 2740 917 ad
2789 851 2994 918 finem
3045 851 3246 918 huius

242 959 453 1026 libelli
532 959 775 1027 directe
849 977 986 1025 non
1068 960 1394 1045 pertineat
1460 997 1549 1006 —
1625 977 2171 1038 commemorare,
2252 958 2540 1025 eundern
2619 957 3015 1025 Pontificem
3095 958 3247 1025 aliis

244 1084 526 1153 quoque
574 1067 883 1153 personis
933 1068 1131 1134 etiam
1182 1067 1446 1146 laicis,
1497 1067 1703 1132 nimia
1750 1067 1918 1132 forte
1971 1085 2101 1153 qua
2135 1085 2254 1152 par
2286 1068 2423 1132 erat
2470 1065 2901 1132 inclinatione
2949 1064 3245 1145 ductum,

242 1173 674 1240 condonasse
745 1175 884 1241 iura
963 1175 1030 1240 in
1109 1173 1435 1240 beneficia
1514 1173 1959 1240 ecclesiastica
2038 1172 2460 1240 exercenda·
2543 1172 2631 1239 Ita
2704 1171 3104 1258 mandavit4)
3178 1174 3241 1238 in

241 1281 675 1365 pontificatus
725 1281 828 1347 sui
878 1280 1169 1348 exordiis
1237 1281 1595 1366 Episcopis
1652 1281 1839 1365 regni
1898 1280 2308 1353 Franciae,
2369 1282 2440 1346 ut
2497 1278 2563 1345 in
2613 1278 2898 1364 singulis
2947 1279 3245 1346 ecclesiis

240 1387 733 1454 cathedralibus
783 1391 846 1453 et
893 1388 1266 1473 collegiatis
1330 1386 1486 1453 dicti
1548 1387 1735 1472 regni
1801 1386 2104 1472 singulas
2167 1404 2513 1472 personas,
2581 1404 2748 1469 quas
2811 1384 3243 1472 Philippus

241 1511 378 1559 rex
489 1494 1100 1574 nominavisset,
1195 1494 1395 1580 recipi
1513 1493 1801 1559 facerent
1919 1494 1986 1558 in
2103 1494 2487 1572 canonicoS,
2569 1492 2879 1559 adiuncta
2970 1493 3246 1579 insuper

239 1599 712 1680 declaratione,
776 1600 958 1687 quod
1010 1600 1187 1667 idem
1239 1619 1351 1667 rex
1398 1602 1682 1667 iterare
1732 1599 1933 1666 etiam
1984 1602 2218 1684 posset
2264 1597 2653 1665 huiusmodi
2704 1598 3240 1665 nominationem

238 1707 294 1773 si
346 1725 637 1792 persona
697 1709 913 1793 primo
962 1708 1113 1775 loco
1162 1707 1513 1793 designata
1563 1710 1903 1791 acceptare
1951 1706 2233 1792 gratiam
2283 1706 2631 1772 noluisset.

452 1832 708 1899 Eodem
803 1832 1008 1899 modo
1103 1832 1185 1898 ad
1237 1833 1619 1899 instantiam
1738 1829 2008 1897 Caroli
2141 1830 2356 1915 regis
2474 1829 2803 1896 Siciliae
2896 1830 3239 1917 Episcopo

240 1938 712 2026 Foroiulien.⁵)
761 1941 1093 2006 concessit
1139 1939 1516 2006 facultatem
1566 1937 1965 2024 providendi
2001 1938 2310 2023 personis
2360 1936 2646 2016 idoneis,
2698 1955 2866 2022 quas
2903 1936 3079 2003 idem
3130 1956 3240 2004 rex

240 2044 513 2113 duceret
590 2046 1039 2112 nominandas
1118 2045 1201 2112 de
1281 2046 1629 2112 beneficiis
1707 2063 1859 2110 cum
1937 2044 2041 2111 vel
2093 2045 2239 2110 sine
2295 2063 2478 2123 cura,
2553 2061 2838 2129 quorum
2933 2044 3236 2110 omnium

239 2157 607 2238 proventus
655 2152 1089 2219 ducentarum
1140 2152 1451 2219 librarum
1502 2151 2014 2224 Refortiatorum
2065 2149 2435 2217 secundum
2484 2149 2900 2216 taxationum
2936 2149 3236 2217 decimae

238 2259 534 2326 valorem
603 2279 899 2326 annuum
973 2277 1111 2325 non
1160 2259 1572 2337 excederent,
1644 2257 2105 2344 spectantibus
2177 2257 2619 2324 communiter
2680 2257 2786 2323 vel
2835 2256 3102 2323 divisim
3152 2257 3234 2323 ad

240 2366 668 2433 collationem
698 2384 1357 2452 quorumcunque
1384 2363 3233 2450 archiepiscoporum,episcoporum,abbatum

240 2476 313 2539 et
407 2473 745 2540 aliarum
840 2491 1356 2560 personarum
1451 2472 2183 2538 ecclesiasticarum
2278 2473 2819 2556 exemptarum
2915 2473 2987 2536 et
3080 2489 3232 2537 non

241 2583 814 2664 exemptarum,
932 2580 997 2645 si
1094 2579 1169 2644 in
1270 2579 1759 2665 civitatibus!
1833 2582 1909 2645 et
2000 2578 2519 2644 dioecesibus
2617 2596 2701 2643 ac
2793 2578 3234 2663 provinciis

238 2684 664 2765 Arelatem,
734 2685 1035 2771 Aquen.
1086 2688 1163 2752 et
1210 2684 1702 2752 Ebredunen.
1763 2686 2411 2752 consistentibus
2484 2685 2684 2750 infra
2757 2683 3233 2751 Provinciae

240 2796 309 2858 et
378 2792 923 2879 Forcalquerii
1017 2793 1444 2860 comitatus
1538 2792 1630 2858 ad
1717 2792 2049 2859 eundem
2141 2810 2401 2877 regem
2497 2794 2963 2876 spectantes
3049 2794 3233 2857 tunc

239 2903 614 2967 vacarent
658 2900 781 2967 vel
831 2920 998 2967 cum
1049 2920 1138 2967 ea
1184 2918 1457 2966 vacare
1505 2900 2036 2986 contingeret.
2107 2897 2312 2965 Porro
2360 2898 2691 2964 Valentin.
2743 2901 2807 2964 et
2839 2896 3229 2964 Tirasonen.

240 3007 597 3093 Episcopis
667 3008 849 3074 dedit
910 3008 1347 3093 facultatemss)
1419 3007 1501 3073 ad
1576 3006 2115 3093 quinquennium
2195 3004 2580 3072 conferendi
2629 3005 2857 3072 omnia
2907 3005 3231 3071 beneficia

239 3132 385 3179 cum
461 3133 615 3180 cura
660 3113 764 3180 vel
818 3113 963 3180 sine
1034 3132 1187 3179 cura
1257 3113 1517 3179 etiamsi
1589 3113 1949 3198 dignitates
2018 3113 2124 3178 vel
2173 3116 2573 3198 personatus
2645 3115 2757 3178 aut
2826 3112 3045 3178 officia
3118 3130 3228 3178 ex-

239 3220 565 3298 sisterent,
636 3220 720 3286 ad
768 3221 1042 3287 cIerIcos
1092 3220 1519 3298 domesticos,
1567 3219 1925 3286 familiares
1959 3222 2023 3286 et
2054 3219 2544 3285 commensales
2589 3217 2626 3284 J
2643 3219 3019 3297 ohannis,
3070 3218 3227 3284 filii

235 3326 270 3393 J
284 3328 511 3394 acobi
557 3327 769 3412 regis
794 3326 1275 3411 Aragonum,
1302 3325 2271 3411 capellaniSummiPontificis
2305 3326 2673 3411 spectantia
2704 3328 2770 3391 et
2803 3342 3227 3411 quocumque

240 3431 3224 3520 modovacantia,personisidoneis,quasidernJohannesduceretnominandas.

442 3557 709 3624 Deinde
759 3558 1097 3643 Litterae'1)
1148 3556 1230 3623 ad
1264 3557 1477 3643 Helye
1511 3557 1909 3643 Talayrandi
1958 3557 2354 3623 canonicum
2406 3556 2728 3622 ecclesiae
2763 3554 2829 3622 S.
2866 3555 3226 3622 Frontonis

239 3662 724 3750 Petragoricen.
803 3665 1079 3731 sedente
1157 3663 1503 3731 Clemente
1580 3664 1656 3729 V.
1737 3665 1985 3730 missae
2062 3663 2515 3741 testificantur,
2595 3663 2822 3728 omnia
2900 3662 3224 3729 beneficia

237 3769 731 3850 Nuntiorum,
782 3772 894 3858 qui
968 3789 1086 3857 pro
1158 3771 1353 3837 certis
1424 3771 1716 3856 negotiis
1778 3769 2114 3836 Ecclesiae
2164 3769 2505 3842 Romanae
2590 3770 2964 3855 specialiter
3042 3772 3227 3835 erant

238 3878 447 3954 missi,
497 3877 566 3942 in
617 3877 1156 3964 quibuscumque
1191 3878 1355 3944 locis
1391 3878 1615 3944 eundo
1665 3896 1784 3943 seu
1836 3876 2160 3943 morando
2208 3876 2312 3943 vel
2362 3875 2706 3942 redeundo
2754 3875 3221 3943 decedentium

237 3984 535 4049 vacantia
619 3984 703 4049 ab
773 3984 1015 4050 eodem
1087 3984 1412 4050 Pontifice
1478 3985 1686 4050 fuisse
1755 3986 2082 4050 reservata
2177 3982 2335 4049 Sedi
2406 3982 2855 4068 Apostolicae.
2950 3982 3227 4068 Insuper

451 4188 495 4257 ¹)
535 4186 739 4242 Ibidem
816 4188 889 4242 n⁰
947 4188 1089 4243 9483
1144 4188 1283 4243 9702
1345 4188 1409 4242 10
1429 4187 1533 4242 219
1732 4186 1814 4241 Cf.
1857 4189 2020 4241 etiam
2061 4186 2353 4250 Gillmann‚
2393 4186 2496 4240 Die
2535 4186 2881 4257 Resignation
2922 4185 3017 4240 der
3053 4184 3222 4239 Bene-

944 4276 1084 4332 9503
1139 4277 1272 4332 9731
1346 4278 1410 4331 10
1430 4278 1533 4331 229
1625 4276 1785 4330 fizien
1823 4279 1878 4329 in
1916 4276 2118 4330 Archiv
2155 4275 2189 4329 f.
2219 4275 2282 4333 Κ.
2323 4275 2708 4333 Kirchenrecht
2736 4274 2934 4338 LXXX,
2973 4275 3079 4329 670
3099 4289 3218 4344 sqq.

945 4365 1086 4421 9516
1142 4366 1282 4421 9734
1344 4367 1409 4420 10
1429 4365 1533 4420 258

948 4454 1088 4510 9519
1144 4455 1283 4510 9745
1345 4455 1529 4509 10259

946 4543 1086 4598 9524
1141 4544 1282 4599 9746
1344 4544 1407 4598 10
1426 4543 1532 4598 260

944 4634 1085 4688 9584
1141 4633 1281 4687 9857
1343 4634 1407 4687 10
1427 4633 1523 4687 261

946 4723 1085 4778 9667
1145 4722 1330 4776 10085.

446 4831 491 4896 ⁵)
541 4828 746 4883 Ibidem
796 4828 867 4884 n⁰
902 4829 1058 4884 9271.

446 4936 491 5003 3)
640 4959 660 4981 =
802 4933 872 4989 n⁰
913 4935 1119 4990 10134.

441 5043 488 5109 4)
637 5065 657 5086 2
800 5040 870 5095 n⁰
904 5042 1024 5096 966.
1066 5043 1203 5110 (sine
1243 5040 1387 5109 data)
1426 5040 1580 5095 9301.

443 5149 489 5217 5)
637 5171 657 5192 ε
800 5147 870 5201 n⁰
906 5149 1045 5203 7412
1086 5148 1238 5215 (1311
1283 5147 1424 5218 Aug.
1470 5146 1571 5214 16).

444 5256 489 5324 6)
638 5279 658 5299 ς
802 5254 873 5309 n⁰
907 5255 1049 5310 9449
1087 5255 1248 5324 (1313
1285 5255 1416 5309 Maii
1463 5253 1560 5321 15).

442 5360 485 5428 7)
634 5385 653 5406 =
797 5360 870 5415 n⁰
904 5361 1060 5417 3708.
