3688 5825
1941 295 2024 354 96

492 501 555 566 et
588 499 671 565 ad
706 499 1101 585 prebendas,
1152 518 1283 584 que
1327 501 1707 567 obtinentes
1740 502 1844 568 vel
1879 503 2212 568 obtenturi
2263 501 2643 587 dignitateS,
2694 505 3092 587 personatus
3135 506 3201 569 et
3233 502 3474 582 officia,

492 606 633 672 sive
703 606 1326 673 administraciones
1399 607 1464 672 in
1536 607 1789 674 eisdem
1864 608 2164 675 ecclesiis
2213 611 2514 693 tempore
2561 608 2937 675 vacacionis
2986 609 3472 694 prebendarum

496 712 884 778 huiusmodi
932 713 1348 792 obtinebant,
1421 732 1831 799 quamquam
1905 714 2243 800 prebende
2304 715 2448 800 ipse
2496 714 2955 799 dignitatibuS,
3007 717 3476 801 personatibus

494 821 558 884 et
630 818 871 885 officiis
944 819 1110 904 ipsis
1183 820 1457 886 minime
1529 821 1662 886 sint
1710 821 1915 901 unite,
1987 823 2053 887 et
2122 821 2204 886 ad
2278 839 2701 906 quecumque
2766 822 3090 906 regularia
3145 822 3473 889 beneficia

494 926 873 992 nullatenus
922 926 1377 993 extendantur.
1470 926 1651 993 Nulli
1699 930 1820 994 etc.

706 1050 954 1116 Datum
1001 1050 1335 1118 Avinione
1383 1051 1476 1117 111.
1525 1069 1684 1117 non.
1734 1050 2050 1119 Octobris
2098 1071 2157 1118 a.
2208 1054 2416 1119 sexto.

1918 1389 2042 1469 43.

499 1513 635 1568 1348
672 1513 824 1567 Febr.
863 1513 913 1567 3.

494 1601 632 1657 Cod.
673 1602 731 1657 B.
771 1601 862 1656 fol.
907 1601 1199 1657 111—114.

496 1782 902 1861 Processus
954 1786 1207 1861 contra
1256 1783 1445 1874 illos,
1498 1788 1623 1885 qui
1674 1784 2091 1886 impediunt
2137 1787 2520 1862 venientes
2567 1784 2661 1862 ad
2701 1783 3117 1870 Romanam
3167 1791 3469 1864 curiam.

1465 1924 1822 2005 Clemens
1879 1932 2282 2028 episcopus
2340 1930 2476 2005 etc.

706 2102 1085 2169 Venerabili
1118 2102 1292 2169 fratri
1324 2102 1740 2190 [Walramol
1771 2105 2276 2189 archiepiscopo
2311 2103 2702 2171 Coloniensi
2737 2107 2801 2171 et
2846 2104 3090 2171 dilecto
3138 2105 3284 2172 filio
3333 2105 3477 2172 eius

496 2209 741 2276 vicario
815 2209 881 2275 in
952 2210 1411 2296 spiritualibus
1481 2213 1545 2277 et
1614 2211 1884 2277 officiali
1956 2212 2238 2277 salutem
2290 2213 2354 2276 et
2401 2211 2839 2296 apostolicam
2913 2211 3475 2279 benedictionem.

498 2315 752 2383 Graves
799 2316 948 2382 Deo
996 2319 1062 2383 et
1123 2317 1321 2383 nobis
1371 2335 1446 2384 ac
1494 2318 1636 2384 sedi
1687 2318 2056 2403 apostolice
2131 2318 2502 2402 irrogantur
2573 2318 2830 2397 iniurie,
2901 2337 3052 2384 cum
3127 2319 3477 2385 venientes

498 2422 580 2489 ad
653 2442 799 2489 eam
871 2427 984 2490 aut
1032 2423 1415 2490 recedentes
1486 2426 1570 2491 ab
1642 2426 1788 2511 ipsa
1857 2425 2450 2492 molestacionibus
2522 2424 2989 2510 opprimuntur
3035 2424 3354 2492 indebitis
3403 2444 3478 2493 ac

499 2548 932 2616 personarum
983 2533 1047 2596 et
1079 2549 1291 2597 rerum
1342 2530 1716 2617 dispendiis
1767 2535 2258 2617 pregravantur‚
2307 2531 2391 2597 ad
2442 2549 2610 2616 quas
2661 2531 3150 2617 propulsandas
3201 2532 3475 2598 iniurias

496 2638 712 2705 cuncti
789 2637 1024 2704 fideles
1101 2656 1183 2704 eo
1262 2657 1334 2704 se
1410 2638 1657 2705 debent
1735 2640 2180 2724 promptiores
2260 2637 2665 2724 impendere,
2767 2657 2904 2723 quo
2982 2639 3080 2705 eis
3160 2639 3476 2725 expedire

498 2745 811 2824 noscitur,
860 2747 931 2810 ut
978 2744 1061 2810 ad
1111 2744 1341 2811 sedem
1393 2746 1608 2830 ipsam
1654 2765 1924 2812 securus
1959 2746 2277 2812 habeatur
2308 2763 2635 2811 accessus.
2731 2744 2907 2811 Sane
2942 2745 3024 2811 ad
3056 2747 3475 2831 apostolatus

497 2850 726 2932 nostri,
775 2851 1020 2919 dilecto
1053 2851 1195 2918 tilio
1229 2850 1525 2938 Symone
1559 2852 1928 2920 Debriseke
1962 2852 2219 2920 decano
2263 2852 2540 2919 ecclesie
2574 2851 3085 2920 Litheieldensis
3135 2854 3475 2932 referente,

499 2959 798 3043 pervenit
865 2958 1188 3038 auditum,
1263 2959 1446 3043 quod
1516 2978 1671 3027 cum
1743 2978 1957 3045 nuper
2023 2959 2198 3026 idem
2272 2958 2548 3045 Symon,
2620 2960 2724 3025 cui
2797 2960 2863 3025 in
2927 2959 3230 3032 Romana
3300 2961 3477 3028 curia

499 3067 653 3131 tunc
744 3066 1031 3150 primum
1123 3065 1207 3132 de
1277 3065 1597 3132 decanatu
1686 3066 1976 3152 predicte
2069 3066 2343 3133 ecclesie
2414 3068 2571 3133 tunc
2665 3069 2939 3132 vacante
3028 3086 3145 3152 per
3214 3071 3475 3134 nostras

498 3171 743 3238 litteras
817 3172 1217 3239 duxeramus
1280 3172 1791 3258 providendum,
1870 3191 2019 3240 cum
2100 3173 2330 3239 litteris
2423 3173 2832 3258 provisionis
2924 3173 3316 3241 huiusmodi
3395 3175 3477 3241 de

500 3278 792 3363 predicta
838 3279 1016 3346 curia
1064 3297 1298 3346 versus
1347 3282 1564 3365 partes
1611 3278 1854 3364 Anglie
1903 3282 1968 3346 et
2013 3279 2408 3347 decanatum
2459 3297 2653 3345 suum
2705 3279 3091 3346 huiusmodi
3156 3282 3475 3348 recedens

497 3388 562 3451 et
618 3386 738 3451 iter
802 3403 998 3452 suum
1058 3387 1458 3453 continuans
1529 3405 1647 3472 per
1716 3385 2056 3471 quoddam
2128 3389 2413 3453 castrum
2487 3390 2940 3472 nuncupatum
2991 3386 3229 3454 Trecht
3279 3407 3477 3473 super

497 3491 786 3570 Mosam,
815 3492 1207 3560 Leodiensis
1242 3493 1552 3573 diocesis,
1586 3493 1911 3572 transiret,
1939 3493 2323 3559 Everwinus
2357 3493 2440 3559 de
2474 3493 2949 3562 Goderswiche
2983 3497 3047 3559 et
3081 3493 3475 3561 Godsvinus

497 3598 579 3665 de
622 3617 872 3683 genere
945 3600 1190 3667 milites
1238 3600 1670 3667 Coloniensis
1741 3599 2032 3667 diocesis
2103 3619 2254 3666 cum
2338 3600 2740 3684 quibusdam
2815 3601 2955 3668 suis
3005 3601 3072 3666 in
3122 3602 3247 3668 hac
3297 3607 3475 3688 parte

496 3705 939 3791 complicibus
1009 3705 1092 3772 de
1163 3706 1493 3792 capiendo
1542 3709 1607 3774 et
1653 3706 2019 3773 detinendo
2093 3706 2377 3773 eundem
2452 3707 2777 3774 decanum
2831 3726 2950 3794 pro
3013 3707 3473 3795 redemptione

496 3812 874 3898 pecuniaria
923 3813 1007 3879 de
1056 3813 1207 3899 ipso
1242 3813 1609 3880 obtinenda
1659 3814 1725 3881 in
1774 3813 1953 3880 dicto
2001 3817 2215 3880 castro
2264 3817 2625 3881 tractarunt
2657 3818 2719 3881 et
2751 3819 3241 3882 consenserunt
3291 3817 3475 3903 (sic);

498 3919 849 4005 dictusque
899 3920 1285 3987 Everwinus
1354 3940 1504 3988 cum
1585 3921 1991 4006 quibusdam
2073 3922 2214 3987 suis
2292 3924 2357 3987 et
2434 3920 2589 3988 dicti
2670 3921 2955 3989 Gosvini
3033 3923 3477 4008 complicibus

498 4026 786 4093 eundem
837 4026 1163 4094 decanum
1215 4028 1554 4095 insecutus
1617 4027 1739 4093 fuit
1787 4030 1853 4093 et
1901 4028 1968 4092 in
2018 4029 2240 4113 ipsum
2290 4028 2616 4094 violenter
2663 4031 2728 4095 et
2775 4028 3136 4114 predonice
3201 4029 3473 4108 irruens,

498 4134 717 4219 ipsum
790 4136 1035 4200 temere
1106 4137 1171 4200 et
1237 4135 1552 4202 iniuriose
1622 4134 1816 4220 cepit,
1890 4137 1954 4201 et
2002 4138 2269 4219 captum
2341 4152 2478 4200 non
2529 4134 2673 4200 sine
2733 4154 3053 4201 manuum
3118 4135 3473 4203 iniectione

499 4239 791 4306 violenta
871 4241 937 4307 in
1018 4259 1171 4307 eum
1235 4260 1351 4327 per
1428 4242 1632 4308 multa
1711 4241 1858 4308 loca
1937 4240 2373 4327 predictarum
2454 4240 2846 4308 Leodiensis
2917 4245 2982 4308 et
3041 4242 3475 4310 Coloniensis

499 4346 867 4413 diocesium
902 4346 1109 4428 duxit,
1159 4350 1224 4414 et
1266 4348 1533 4414 tandem
1571 4349 1637 4414 in
1670 4351 1887 4415 castro
1922 4347 2005 4414 de
2041 4347 2543 4432 Haghembech,
2576 4348 3130 4416 Monasteriensis
3161 4349 3475 4428 diocesis,

500 4454 714 4539 primo
765 4454 831 4519 in
894 4454 1110 4540 cippis
1180 4454 1562 4521 fortissimis
1611 4457 1675 4521 et
1724 4455 2216 4541 subsequenter
2263 4455 2328 4519 in
2377 4454 2822 4540 compedibus
2869 4455 3094 4523 ferreis
3142 4475 3296 4523 cum
3345 4475 3474 4523 una

496 4561 776 4627 cathena
844 4560 1053 4628 ferrea
1100 4580 1176 4628 ac
1224 4563 1280 4627 si
1328 4561 1564 4628 fuisset
1612 4561 1777 4628 latro
1826 4580 1946 4628 seu
1997 4560 2331 4627 homicida
2404 4562 2784 4628 incarcerari
2841 4562 3014 4640 tecit,
3085 4581 3161 4629 ac
3208 4567 3474 4649 captum

499 4669 563 4733 et
636 4667 1107 4734 incarceratum
1185 4670 1398 4734 tenuit
1474 4670 1699 4735 contra
1776 4669 2185 4734 voluntatem
2266 4667 2480 4753 ipsius
2559 4668 2791 4734 decani
2872 4687 2990 4754 per
3050 4687 3122 4735 se
3186 4673 3252 4736 et
3315 4688 3475 4737 suos

497 4773 863 4859 complices
924 4777 987 4841 et
1047 4775 1337 4842 fautores
1409 4777 1472 4840 et
1521 4775 1741 4860 ipsum
1793 4775 2084 4841 relaxare
2155 4792 2273 4840 seu
2347 4774 2622 4841 liberare
2693 4776 2907 4842 noluit
2975 4775 3095 4842 sed
3161 4794 3476 4861 expresse

497 4881 840 4960 recusavit,
920 4881 1069 4949 licet
1144 4882 1380 4949 fuisset
1456 4901 1657 4967 super
1732 4882 1860 4949 hoc
1936 4899 2232 4966 congrue
2307 4881 2687 4966 requisitus,
2767 4881 2982 4948 donec
3063 4881 3285 4949 dilecti
3359 4883 3474 4949 filii

493 4985 839 5054 Johannes
918 4987 1000 5054 de
1079 4986 1474 5074 Rufoclipeo
1551 4991 1614 5055 et
1688 4987 1922 5055 Petrus
2000 4988 2083 5054 de
2169 4987 2440 5072 Turing,
2519 4989 2697 5054 cives
2791 4988 3262 5068 ColonienseS,
3359 5009 3474 5076 pro

497 5091 958 5178 redemptione
1023 5094 1325 5161 eiusdem
1396 5094 1629 5161 decani
1701 5096 1768 5162 in
1831 5095 2042 5162 tribus
2113 5095 2382 5161 milibus
2433 5097 2499 5161 et
2557 5099 2821 5162 centum
2880 5095 3154 5162 florenis
3202 5097 3344 5162 auri
3394 5097 3475 5163 de

498 5202 687 5265 scuto
735 5199 954 5267 eidem
1004 5200 1352 5267 Everwino
1402 5204 1467 5267 et
1509 5201 1803 5268 Johanni
1855 5202 2076 5288 Loyec
2122 5201 2312 5267 militi
2363 5200 2534 5268 dicte
2583 5201 3016 5269 Coloniensis
3064 5201 3362 5270 diocesis
3407 5222 3476 5270 se

498 5305 880 5396 obligarunt
927 5305 1080 5398 (sic)
1128 5310 1192 5374 et
1251 5309 1678 5398 octingentos
1726 5309 2025 5379 florenos
2076 5309 2157 5378 de
2209 5312 2397 5378 scuto
2449 5309 2514 5375 in
2564 5312 2748 5395 parte
2796 5309 3164 5377 solucionis
3213 5329 3476 5378 summe
