3688 5825
1673 305 1758 364 29

443 511 636 592 Quae
668 515 889 578 tamen
934 511 1316 576 constitutio
1357 511 1589 577 saltem
1643 512 1708 575 in
1758 511 2057 596 partibus
2109 507 2629 574 Lombardiae
2678 508 2985 574 effectum
3022 525 3220 572 suum

242 638 369 685 non
419 619 646 685 sortita
695 635 843 684 esse
892 616 1169 697 videtur,
1234 636 1428 684 secus
1478 618 1583 683 vix
1633 617 1910 701 intelligi
1960 617 2199 700 potest,
2249 632 2361 680 cur
2409 615 2583 681 idem
2632 614 2981 681 Johannes
3033 612 3218 679 XXII.

240 727 339 791 die
424 725 522 791 12.
602 723 846 810 Aprilis
931 723 1099 790 1323
1175 742 1293 810 per
1369 724 1642 803 bullam,
1721 742 1895 808 quae
1976 722 2206 806 incipit
2303 739 2494 806 „pro
2584 724 2795 787 statu
2884 720 3223 805 partium

239 830 878 917 Lombardiae“1)
962 831 1243 897 iterum
1325 832 1749 897 reservaverit
1833 846 2111 907 „omnes
2178 831 2239 894 et
2314 828 2615 914 singulas
2694 826 3103 894 cathedrales
3162 829 3226 892 et

237 940 617 1023 collegiatas
660 937 975 1004 ecclesias
1010 938 1076 1003 in
1137 937 1392 1003 eisdem
1430 936 1869 1004 Lombardiae
1920 935 2214 1021 partibus
2262 936 2587 1001 vacaturis
2636 952 2716 999 ex
2765 952 2941 999 nunc
3012 950 3226 1018 usque

236 1046 313 1112 ad
365 1045 751 1111 biennium“
821 1046 883 1109 et
932 1043 1203 1129 quidem
1256 1044 1681 1109 reservaverit
1740 1044 1973 1109 iterum
2048 1042 2201 1107 sibi
2274 1060 2357 1108 ac
2428 1040 2612 1107 Sedi
2682 1040 3222 1124 Apostolicae.

439 1150 648 1218 Porro
698 1150 939 1217 eodem
989 1150 1099 1215 die
1134 1150 1549 1236 Bertrand02)
1596 1151 1765 1216 tituli
1810 1149 1876 1216 S.
1910 1149 2204 1216 Marcelli
2254 1149 2640 1234 presbytero
2690 1147 3048 1225 Cardinali,
3099 1164 3224 1212 suo

237 1259 300 1325 in
351 1258 652 1343 partibus
704 1257 1144 1323 Lombardiae
1194 1257 1445 1342 Legato
1494 1256 1835 1323 mandavit
1913 1260 2021 1333 „ut
2072 1256 2400 1341 praedicta
2450 1255 2807 1321 reservatio
2881 1256 3105 1319 nostra
3156 1253 3223 1326 in

240 1366 576 1442 omnium,
658 1381 941 1450 quorum
1022 1364 1289 1430 interest
1378 1364 1679 1430 notitiam
1767 1364 1989 1429 veniat
2079 1366 2141 1428 et
2234 1362 2552 1428 adversus
2634 1361 2812 1426 illam
2908 1378 3219 1426 causam

238 1472 751 1557 ignorantiae
822 1471 1118 1555 aliquis
1179 1471 1780 1556 imposterum-⁹²)
1853 1487 2009 1535 non
2072 1468 2582 1554 praetendat“
2640 1470 2704 1533 et
2749 1467 3104 1545 commisit,
3156 1470 3224 1532 ut

237 1580 475 1644 dictam
526 1578 1041 1643 reservationem
1090 1577 1216 1653 „in
1265 1578 1499 1656 locis,
1552 1578 1625 1642 in
1662 1578 1957 1662 quibus
2006 1575 2380 1661 expedire
2423 1574 2775 1640 videris“
2824 1574 3224 1658 quantocius

241 1686 623 1771 publicaret,
684 1684 999 1769 imposita
1056 1685 1185 1770 ipsi
1259 1685 1507 1769 Legato
1558 1685 1774 1751 stricta
1847 1684 2264 1768 obligatione
2337 1681 2656 1748 referendi
2706 1680 2790 1748 ad
2839 1681 3090 1764 Papam
3141 1679 3224 1745 de

245 1792 638 1860 executione
686 1791 957 1876 praefati
1006 1790 1320 1857 mandati.

445 1898 544 1963 Ex
615 1898 813 1964 unico
885 1898 1013 1963 hoc
1083 1898 1394 1983 exemplo
1458 1899 1586 1963 iam
1652 1900 1946 1984 apparet,
2015 1897 2394 1963 „Iohannem
2444 1896 2630 1962 XXII.
2681 1896 2745 1960 in
2810 1893 3223 1961 reservandis

227 1992 428 2070 'dictis
503 2002 847 2070 beneficiis
919 2021 1056 2069 non
1131 2004 1338 2070 modo
1412 2004 1602 2089 quasi
1674 2005 1960 2089 abrupto
2032 2004 2443 2088 processisse
2515 2001 2633 2069 sed
2693 2002 3034 2088 paulatim,
3112 2000 3223 2066 ubi

246 2111 631 2196 „expedire“
687 2109 1031 2176 videbatur
1071 2111 1323 2177 omissa
1359 2111 1829 2196 publicatione,
1881 2112 1994 2176 ubi
2031 2129 2170 2176 non
2220 2110 2302 2176 ad
2354 2110 2633 2176 salutem
2685 2109 2802 2175 sed
2856 2109 3081 2175 forsan
3140 2107 3224 2173 ad

242 2221 536 2303 apertum
618 2217 972 2283 discrimen
1061 2217 1378 2283 dictarum
1474 2219 1900 2285 ecclesiarum
1984 2220 2395 2302 praematura
2473 2217 2740 2283 collatio
2835 2215 3221 2300 Apostolica

242 2326 519 2390 multum
615 2325 1041 2390 attribuisset.
1136 2324 1263 2390 Die
1349 2327 1569 2390 autem
1658 2325 1719 2390 5.
1809 2323 1980 2409 Aug.
2069 2324 2304 2411 13234)
2395 2323 2558 2390 forte
2651 2323 2733 2389 ad
2829 2323 3219 2389 relationem

241 2431 550 2517 praedicti
602 2432 827 2516 Legati
888 2431 954 2496 in
1015 2431 1481 2498 Lombardiam
1541 2432 1751 2511 missi,
1821 2431 2171 2498 Johannes
2221 2431 2402 2517 Papa
2451 2430 2635 2497 XXII.
2707 2430 3219 2496 declarationem

236 2538 530 2604 adiciens
572 2538 738 2605 circa
794 2538 1095 2616 dubium,
1146 2556 1478 2623 quaenam
1530 2538 1849 2605 ecclesiae
1883 2540 2274 2623 collegiatae
2324 2539 2936 2623 supramemoratae
2994 2538 3219 2601 essent

239 2645 665 2729 dispositioni
716 2643 1144 2730 Apostolicae
1203 2648 1568 2711 reservatae
1632 2647 2007 2712 saeculares
2080 2665 2164 2711 an
2236 2645 2593 2730 regulares,
2667 2662 2855 2710 suam
2931 2646 3218 2709 mentem

239 2753 320 2818 ita
369 2752 648 2837 aperuit,
719 2752 960 2817 dictam
1012 2753 1523 2819 reservationem
1598 2771 1668 2818 se
1743 2753 2096 2819 extendere
2168 2755 2425 2819 tantum
2505 2751 2624 2828 „ad
2688 2750 3099 2818 cathedrales
3159 2752 3222 2814 et

238 2858 602 2926 abbatiales
651 2859 964 2926 ecclesias
1014 2878 1088 2926 ac
1136 2860 1538 2926 monasteria
1588 2878 1706 2945 per
1754 2861 2029 2927 abbates
2079 2860 2272 2927 solita
2323 2859 2738 2945 gubernari.“

441 2964 626 3032 Sicut
660 2965 723 3030 in
753 2966 1153 3032 Lombardia
1187 2967 1275 3032 ita
1306 2967 1501 3032 etiam
1540 2968 1602 3032 in
1641 2968 1984 3051 provincia
2020 2966 2546 3040 Ravennaten.
2584 2967 2795 3050 prima
2830 2964 3216 3032 constitutio

234 3072 563 3139 „Iohannis
603 3072 787 3138 XXII.
841 3072 1037 3138 nimis
1086 3073 1417 3157 generalis
1466 3072 1770 3139 effectum
1823 3092 2018 3139 suum
2071 3092 2206 3139 non
2259 3074 2485 3139 sortita
2535 3091 2684 3138 esse
2737 3072 3012 3149 videtur,
3065 3089 3217 3136 nam

237 3179 341 3245 die
398 3180 454 3244 1.
512 3177 755 3263 Aprilis
812 3178 1045 3265 13235)
1105 3178 1478 3264 praedictus
1537 3179 1882 3252 Romanus
1940 3180 2243 3247 Pontifex
2316 3181 2589 3246 iterum
2664 3198 2824 3245 suae
2895 3181 2957 3245 et
3027 3177 3220 3243 Sedis

234 3284 666 3370 Apostolicae
716 3285 1144 3370 dispositioni
1189 3304 1428 3353 omnes
1477 3289 1540 3351 et
1589 3287 1890 3371 singulas
1939 3287 2330 3354 cathedralis
2378 3290 2440 3352 et
2486 3287 2874 3371 collegiatas
2906 3285 3219 3352 ecclesias

236 3392 608 3458 saeculares
670 3395 731 3456 et
792 3392 1126 3477 regulares
1202 3393 1479 3459 civitatis
1546 3396 1610 3458 et
1676 3393 2008 3460 dioecesis
2085 3412 2160 3460 ac
2239 3394 2618 3479 provinciae
2682 3393 3217 3466 Ravennaten.

235 3501 676 3564 reservaverat
725 3502 786 3564 et
835 3499 1105 3584 quidem
1157 3503 1441 3566 extunc
1514 3518 1761 3585 usque
1820 3500 1911 3566 ad
1972 3501 2382 3566 biennium
2443 3504 2803 3577 vacaturaS,
2854 3517 3017 3583 ergo
3081 3517 3215 3564 non

235 3605 533 3689 amplius
588 3623 841 3691 „usque
890 3606 971 3672 ad
1022 3607 1510 3691 beneplacitum
1562 3607 1757 3673 Sedis
1804 3606 2298 3692 Apostolicae“.

447 3709 696 3778 Similis
744 3714 1097 3779 reservatio
1161 3715 1327 3780 iacta
1386 3718 1484 3780 est
1540 3715 1734 3779 etiam
1803 3715 1868 3780 in
1931 3714 2258 3783 Januen.
2354 3714 2606 3780 Pisan.
2702 3713 3216 3798 Aquilegien.

234 3835 495 3883 necnon
550 3816 885 3885 Graden.
937 3821 1315 3905 provinciis.

456 3924 583 3990 Die
632 3924 736 3992 27.
784 3925 1002 3992 Martii
1060 3927 1313 4014 13256),
1364 3946 1512 3993 cum
1563 3927 1715 3993 finis
1765 3927 1919 3994 dicti
1970 3928 2220 3994 biennii
2286 3928 2573 4005 instaret,
2633 3926 2981 3993 „Iohannes
3030 3924 3215 3992 ΧΧΙΙ.

244 4031 536 4106 „eisdem
589 4036 809 4098 motus
866 4032 1549 4100 considerationibus“
1619 4034 1858 4100 dictam
1909 4036 2420 4105 reservationem
2492 4034 2630 4110 „ad
2694 4036 2894 4099 duos
2957 4051 3215 4098 annos

354 4260 400 4329 ²)
439 4260 569 4331 Reg.
608 4260 726 4316 Vat.
765 4264 800 4316 t.
846 4264 938 4317 111
984 4263 1072 4317 fol.
1113 4263 1490 4319 361n01491.

353 4348 398 4416 ἵ)
438 4347 568 4420 Reg.
610 4350 728 4405 Vat.
770 4352 801 4405 l.
842 4368 885 4406 c.
926 4350 1177 4408 n⁰1492.

352 4438 398 4504 ⁸)
438 4437 567 4492 Inde
605 4438 758 4494 facile
798 4443 1078 4512 colligitur,
1140 4457 1235 4512 per
1271 4444 1608 4512 praetensam
1665 4444 2024 4514 ignorantiam
2081 4446 2305 4513 primam
2361 4446 2800 4497 constitutionem
2841 4444 3211 4514 impugnatam

233 4524 401 4581 tuisse
426 4557 498 4565 -
525 4543 667 4583 nunc
692 4544 822 4584 vero
849 4530 1046 4585 auxilio
1075 4532 1255 4601 Legati
1295 4531 1580 4599 implorato
1620 4534 1822 4586 maiore
1860 4547 1982 4586 cum
2017 4536 2070 4587 vi
2100 4535 2153 4586 et
2178 4532 2415 4586 efficacia
2441 4533 2680 4586 secunda
2707 4533 2863 4586 datur
2889 4532 3215 4585 executioni.

354 4615 401 4683 ⁴)
443 4615 573 4687 Reg.
614 4617 732 4673 Vat.
772 4621 807 4673 t.
853 4621 945 4674 111
990 4619 1080 4674 iol.
1120 4621 1223 4674 392
1262 4618 1336 4673 n⁰
1379 4619 1529 4674 1634.

441 4703 503 4760 P.
541 4704 648 4760 V11.
690 4705 836 4761 n07.

351 4792 396 4860 ε)
436 4793 578 4848 Nota
652 4797 733 4849 est
819 4796 947 4850 mihi
1023 4799 1161 4852 dicta
1247 4799 1537 4853 reservatio
1608 4800 1818 4855 tantum
1892 4815 1959 4854 ex
2033 4801 2251 4855 decreto
2324 4803 2719 4871 prorogationis
2795 4800 3040 4854 eiusdem
3115 4800 3205 4853 die

242 4880 322 4935 27.
360 4881 537 4936 Martii
581 4883 717 4938 1325
755 4884 939 4940 tactae.

435 4968 571 5042 Reg.
613 4972 730 5027 Vat.
777 4974 875 5029 113
912 4973 1004 5030 fol.
1049 4974 1231 5046 17:110
1268 4975 1345 5030 n⁰
1386 4976 1514 5031 1031
1561 4976 1841 5046 („Dudum
1883 4977 2222 5048 videlicet·).⁷

445 5058 582 5115 Cod.
622 5060 680 5116 B.
721 5061 811 5116 fol.
852 5064 1078 5119 69—70.

440 5147 576 5204 eod.
617 5149 680 5205 V.
723 5149 813 5206 fol.
852 5152 1008 5209 691⁰.

438 5237 495 5292 P.
536 5238 642 5293 V11.
682 5239 752 5293 n⁰
787 5240 839 5305 8,
876 5241 925 5296 9.

355 5326 399 5394 ⁸)
437 5326 567 5399 Reg.
610 5328 728 5382 Vat.
767 5329 799 5383 l.
839 5345 882 5384 c.
