3688 5825
1668 292 1745 348 15

422 496 678 564 Ultimo
728 498 878 564 loco
913 497 1228 564 Clemens
1261 497 1337 563 V.
1367 516 1488 583 per
1513 516 1566 564 c.
1612 496 1828 574 „Etsi
1865 497 1940 562 in
1977 496 2680 582 temporalium“¹)
2710 515 2828 582 pro
2865 499 3043 562 toto
3072 497 3202 562 sui

206 595 799 690 ‘pontificatus
846 608 1226 690 tempore
1276 608 1340 671 et
1388 623 1523 670 non
1574 604 1863 689 amplius
1906 605 2060 670 sibi
2106 604 2389 689 primum
2433 605 2829 690 generaliter
2861 605 3203 671 reservarit

217 711 815 797 patriarchales,
866 712 1623 797 archiepiscopaleS,
1673 711 2180 797 episcopales
2225 712 2638 790 ecclesias,
2689 712 3200 790 monasteria,

216 819 548 903 prioratus
641 820 705 884 et
798 818 1135 903 quoslibet
1209 821 1625 904 personatus,
1716 818 2079 902 dignitates
2142 818 2260 884 -vel
2307 818 2592 896 officia,
2673 837 2935 885 necnon
2996 858 3084 865 —
3133 822 3203 884 ut

214 929 679 992 antecessores
758 927 860 992 sui
917 964 1000 972 —
1068 926 1520 1003 canonicatus,
1592 924 2030 1011 praebendaS‚
2094 925 2409 992 ecclesias
2457 943 2605 992 cum
2656 944 2809 992 cura
2878 925 2981 992 vel
3054 926 3200 992 sine

212 1051 367 1098 cura
418 1037 482 1099 et
540 1033 667 1098 alia
739 1033 1078 1118 quaelibet
1147 1032 1470 1099 beneficia
1541 1033 1986 1099 ecclesiastica
2058 1033 2396 1112 universa,
2447 1052 2620 1118 quae
2669 1031 2871 1118 apud
2922 1032 3199 1099 Sedem

213 1139 767 1225 Apostolicam
816 1143 1123 1207 vacarent
1170 1139 1252 1205 ad
1303 1158 1621 1226 praesens
1663 1140 1767 1210 vel
1802 1142 2028 1206 essent
2075 1141 2382 1206 vacatura
2432 1141 2496 1205 in
2532 1140 2843 1206 futurum.
2939 1139 3203 1206 Praeter

213 1247 522 1313 unicam
561 1247 731 1313 hanc
766 1247 1275 1313 reservationem
1310 1247 1689 1332 generalem
1728 1247 1795 1312 in
1829 1265 2164 1332 corpore
2215 1248 2410 1313 iuris
2444 1248 2792 1314 clausam
2828 1266 2978 1314 cum
3006 1248 3199 1313 dictis

212 1353 793 1420 moderationibus
843 1354 947 1419 his
1016 1354 1432 1438 temporibus
1490 1354 1735 1421 multae
1783 1355 1952 1420 aliae
2012 1355 2080 1419 in
2128 1355 2409 1420 diversis
2458 1354 2717 1420 Litteris
2787 1353 3196 1440 Apostolicis

213 1461 667 1539 inveniuntur,
717 1459 800 1526 de
849 1461 1095 1545 quibus
1144 1479 1322 1527 nunc
1369 1460 1729 1527 disseritur.

432 1691 478 1759 1)
527 1707 570 1746 c.
642 1691 676 1746 3
731 1694 784 1745 in
839 1691 1050 1746 Extrav.
1109 1690 1320 1747 Comm.
1375 1692 1452 1747 ΙΙΙ.
1510 1693 1558 1747 2.
1635 1691 1802 1757 Quod
1860 1693 2077 1762 quidem
2136 1694 2409 1748 decretum
2468 1696 2520 1747 in
2569 1696 2701 1763 ipsis
2740 1692 2997 1763 Registris
3071 1693 3197 1747 dicti

210 1779 493 1834 pontificis
541 1782 768 1849 reperire
806 1796 915 1834 non
953 1782 1106 1850 potui
1146 1811 1216 1819 —
1252 1780 1544 1851 Friedberg
1582 1780 1764 1850 (Corp.
1801 1780 1910 1836 Jur.
1952 1781 2105 1850 Can.)
2145 1785 2198 1836 in
2236 1782 2346 1837 fine
2385 1782 2512 1836 dicti
2550 1785 2740 1851 capitis
2777 1784 2954 1851 ponit:
2995 1781 3195 1835 Datum

210 1867 560 1939 Burdegalae
597 1868 652 1923 11.
691 1868 807 1926 Kal.
845 1869 986 1941 Aug.
1044 1870 1197 1924 Pont.
1254 1872 1419 1924 nostri
1457 1869 1556 1924 Αο.
1596 1870 1632 1924 1.
1671 1870 1872 1939 (1300).
1948 1870 2055 1937 Qui
2113 1874 2292 1926 tamen
2348 1886 2523 1926 annus
2578 1874 2721 1926 certe
2773 1886 2880 1925 non
2926 1870 3061 1926 1300
3099 1870 3196 1924 sed

206 1958 396 2027 potius
439 1956 577 2012 1305
615 1959 727 2013 erit.
