3688 5825
1625 292 1711 352 33

392 494 657 563 Praeter
701 495 830 564 alia
887 495 1148 563 decreta
1168 494 1217 581 1)
1265 494 1421 563 dicti
1469 498 1792 583 temporis
1840 498 1951 564 die
2020 499 2082 564 6.
2151 497 2316 565 Maii
2372 498 2540 565 1336
2588 498 2990 565 Benedictus
3036 496 3164 564 XII.

177 603 630 688 promulgavit
660 603 1210 671 constitutionem
1252 656 1278 681 „
1304 603 1359 671 C
1377 605 1395 670 i
1415 623 1492 673 rc
1508 624 1546 671 a
1578 624 1613 673 c
1632 624 1674 672 0
1692 625 1735 671 n
1752 606 1776 672 1
1793 624 1834 673 0
1853 626 1895 672 ν
1911 624 1948 672 0
1969 625 2011 671 n
2031 606 2071 672 d
2092 625 2134 671 u
2153 624 2218 670 m
2243 614 2269 639 “
2296 604 2348 691 2)
2383 604 2466 671 de
2501 605 3064 672 reservationibus
3100 605 3165 671 in

148 709 368 795 ‚terris
417 709 823 778 Ecclesiae
871 709 1288 784 Romanae.

390 831 640 902 Ultima
719 835 898 901 enim
978 836 1336 902 reservatio
1415 836 1499 904 de
1578 836 1772 904 dictis
1850 836 2191 903 territoriis
2270 855 2307 902 a
2381 835 2693 903 Johanne
2741 835 2926 902 XXII.
2997 836 3165 903 iacta

177 941 625 1027 exspiraverat
700 941 809 1009 die
905 943 958 1008 1.
1027 941 1175 1008 Jan.
1256 943 1443 1010 1336.
1551 944 1839 1011 Decreto
1928 962 2088 1010 vero
2167 946 2743 1029 supramemorato
2824 942 3167 1015 Romanus

179 1048 492 1115 Pontifex
561 1048 656 1115 ad
723 1049 1127 1116 biennium
1201 1050 1360 1116 sibi
1409 1054 1484 1117 et
1531 1050 1716 1117 Sedi
1767 1049 2294 1137 Apostolicae
2343 1049 2699 1116 reservavit
2746 1049 3167 1134 provisiones

180 1156 873 1242 archiepiscopalium,
907 1156 1419 1242 episcopalium,
1453 1158 1954 1244 collegiatarum
1989 1156 2416 1225 ecclesiarum
2453 1174 2718 1223 necnon
2752 1156 3165 1223 abbatiarum

180 1264 773 1355 monasteriorum,
881 1265 1289 1350 prioratuum
1398 1265 1941 1331 conventualium
2050 1263 2449 1350 regularium
2557 1267 2623 1330 et
2729 1262 3165 1330 saecularium

181 1373 648 1455 exemptorum
700 1371 840 1437 sive
888 1389 1027 1437 non
1062 1375 1524 1458 exemptorum
1560 1372 1990 1439 electivorum
2033 1372 2283 1448 „inira
2326 1372 2575 1438 terras
2609 1369 2736 1456 (sc.
2773 1369 3170 1443 Romanae

182 1476 623 1564 Ecclesiae)
725 1479 1346 1545 consistentium
1442 1497 1647 1546 nunc
1758 1479 2210 1545 vacantium
2311 1479 2437 1545 vel
2527 1480 3168 1557 vacaturorum“,

181 1583 544 1651 eximendo
613 1574 843 1652 tamen
906 1605 943 1652 a
1015 1585 1189 1653 dicta
1267 1586 1712 1653 reservatione
1792 1585 2196 1652 monasteria
2275 1584 2671 1651 monialium
2753 1586 2816 1651 et
2892 1584 3168 1651 aliarum

182 1691 648 1776 religiosarum
697 1693 1048 1759 mulierum
1097 1696 1295 1779 atque
1343 1693 1659 1760 ecclesias
1707 1693 1812 1759 vel
1860 1692 2210 1778 prioratuS,
2271 1709 2556 1777 quorum
2618 1691 2914 1758 redditus
2963 1691 3170 1757 annui

186 1816 521 1865 summam
574 1799 1062 1886 quinquaginta
1110 1800 1518 1866 florenorum
1569 1799 1708 1866 auri
1757 1817 1896 1865 non
1948 1798 2374 1866 excedebant.

395 1922 587 2003 Quae
690 1925 1049 1991 reservatio
1142 1943 1292 1992 cum
1387 1923 1496 1990 die
1588 1925 1648 1990 6.
1741 1923 1905 1989 Maii
2006 1923 2172 1990 1338
2291 1923 2420 1989 iam
2529 1922 2954 2008 exspirasset,
3062 1923 3171 1989 die

186 2029 248 2095 2.
296 2029 481 2096 Junii
536 2029 771 2117 13393)
821 2031 1153 2116 praetatus
1187 2030 1532 2104 Romanus
1574 2029 1885 2097 Pontifex
1934 2030 2000 2095 in
2048 2030 2261 2096 forma
2294 2048 2548 2096 novae
2598 2029 3172 2095 reservationis

187 2154 327 2202 non
390 2138 889 2222 prorogationis
960 2136 1203 2204 eodem
1262 2138 1471 2204 modo
1521 2156 1597 2205 ac
1642 2136 1857 2202 forma
1905 2135 2176 2202 easdem
2227 2136 2543 2202 ecclesias
2607 2135 2690 2202 ad
2740 2136 3170 2202 secundum

191 2242 608 2309 biennium
669 2244 708 2309 i.
759 2262 816 2310 e.
868 2262 1083 2330 usque
1132 2243 1214 2310 ad
1264 2243 1325 2310 2.
1372 2243 1555 2310 Junii
1609 2243 1769 2309 1341
1827 2243 1974 2308 sine
2023 2243 2668 2309 commemoratione
2716 2241 3174 2330 praecedentis

193 2350 663 2416 reservationis
690 2351 962 2417 ulterius
990 2352 1361 2417 reservavit.
1437 2349 2043 2437 Appropinquante
2069 2349 2352 2415 termino
2380 2350 2683 2416 eiusdem
2707 2349 3175 2475 reservationis

196 2457 373 2524 illam
426 2457 706 2523 iterum
757 2457 839 2524 ad
889 2457 1299 2524 biennium
1350 2458 1754 2543 prorogavit
1759 2457 1815 2544 4)

320 2705 364 2772 1)
404 2705 484 2760 Ex
550 2706 993 2760 constitutionum
1058 2707 1335 2762 Benedicti
1401 2707 1506 2762 XII.
1574 2709 1993 2763 reservationem
2057 2707 2447 2763 beneficiorum
2505 2708 2915 2779 generaliter
2970 2709 3176 2762 tantum

195 2795 576 2867 attingentium
616 2810 841 2851 numero
877 2794 1213 2865 proferantur
1249 2798 1409 2851 etiam
1448 2799 1768 2867 sequentes·

414 2884 766 2951 ,Declaratio,
823 2885 971 2957 quod
1027 2886 1419 2941 reservationes
1475 2900 1570 2956 per
1623 2885 1905 2941 dominum
1955 2885 2261 2942 Johannem
2312 2885 2514 2957 Papam
2551 2885 2720 2941 iactae
2785 2899 2894 2939 non
2963 2882 3178 2940 fuerunt

196 2976 523 3032 revocatae·

409 3063 550 3121 Cod.
590 3064 652 3119 B.
688 3063 780 3119 101.
818 3065 1048 3121 80-81.

410 3152 550 3211 Cod.
586 3153 652 3209 V.
691 3151 784 3209 101.
821 3153 907 3211 73.

408 3243 469 3300 P.
507 3241 614 3298 VII.
655 3241 726 3297 n⁰
766 3243 847 3298 17.

410 3332 695 3387 Decretum
767 3334 903 3387 cirea
977 3333 1374 3387 revocationem
1430 3333 1874 3387 commendatum
1948 3332 2108 3401 (1335
2168 3333 2297 3388 Maii
2354 3331 2459 3401 18),
2515 3331 2666 3401 quod
2727 3334 2912 3402 incipit
2979 3331 3183 3401 ..Super

197 3427 471 3494 gregem·

412 3511 543 3582 Reg.
581 3510 756 3565 Aven.
796 3509 1000 3566 Bened.
1038 3510 1142 3565 XII.
1180 3512 1217 3566 t.
1261 3512 1307 3565 1.
1344 3509 1435 3565 101.
1474 3510 1580 3565 376
1618 3509 1688 3564 n⁰
1724 3511 1811 3566 34.

413 3598 551 3655 Cod.
591 3598 650 3655 B.
689 3597 781 3655 101.
818 3596 989 3664 9610,
1027 3599 1113 3655 97.

413 3687 552 3744 Cod.
591 3688 657 3742 V.
696 3686 788 3743 101.
829 3688 913 3743 73.

414 3778 649 3832 Daumet
685 3777 719 3832 l.
759 3793 803 3832 c.
843 3775 914 3832 n⁰
947 3776 1016 3833 57
1056 3779 1195 3847 (sine
1234 3777 1453 3845 verbis).

413 3866 471 3922 P.
510 3866 617 3921 VII.
657 3864 728 3920 n⁰
768 3867 849 3922 18.

418 3955 746 4012 Constitutio
777 3956 1189 4026 ¹,Experimento
1216 3955 1534 4010 didIcimus‘
1569 3954 1730 4021 (1335
1757 3955 1887 4009 Dec.
1922 3955 2005 4024 18)
2031 3970 2104 4009 sc.
2127 3954 2417 4014 Revocatio
2443 3956 2735 4025 gratiarum
2765 3953 3176 4023 generalium

202 4049 256 4101 et
291 4048 514 4102 aliarum
551 4047 1015 4115 exspectationum
1052 4061 1148 4115 per
1183 4044 1656 4114 praedecessorem
1696 4043 2002 4100 factarum·

416 4135 548 4207 Reg.
585 4134 760 4189 Aven.
798 4135 835 4188 t.
881 4136 925 4189 l.
963 4133 1055 4188 101.
1094 4132 1273 4190 37610
1309 4131 1379 4188 n⁰
1414 4132 1501 4188 35.

417 4223 557 4279 Cod.
596 4223 656 4278 B.
695 4221 787 4277 101.
825 4223 1055 4278 94-97.

420 4311 558 4368 Cod.
599 4312 665 4366 V.
704 4311 794 4367 101.
835 4312 1063 4368 81-82.

417 4402 651 4457 Daumet
690 4402 722 4456 l.
762 4415 806 4455 c.
846 4397 917 4454 n⁰
955 4401 1056 4456 129
1094 4402 1233 4470 (sine
1270 4401 1492 4468 verbis).

421 4490 478 4546 P.
515 4490 625 4546 v11.
665 4488 738 4545 n⁰
778 4490 860 4545 19.

333 4598 378 4669 ²)
415 4600 543 4672 Reg.
582 4600 701 4655 Vat.
739 4600 776 4654 t.
819 4599 912 4654 131
957 4613 1042 4668 ep.
1087 4596 1187 4652 108
1224 4595 1313 4650 101.
1353 4595 1439 4650 32.

425 4688 562 4746 Cod.
601 4689 662 4744 Β.
701 4687 793 4743 101.
834 4688 918 4743 81.

426 4778 563 4834 Cod.
604 4778 669 4832 V.
710 4777 801 4832 101.
842 4774 989 4833 7310
1026 4775 1106 4845 (11.
1146 4776 1287 4830 Non.
1325 4773 1477 4829 Febr.
1493 4775 1546 4842 l).

423 4868 656 4923 Daumet
694 4866 727 4921 l.
766 4881 811 4920 c.
850 4864 924 4920 n⁰
963 4865 1063 4920 177
1104 4866 1243 4933 (sine
1280 4864 1501 4933 verbis).

422 4957 479 5013 P.
519 4955 629 5012 v11.
669 4954 742 5010 n⁰
778 4956 861 5011 20.

421 5046 503 5103 Cf.
543 5044 737 5101 Heiele
775 5045 809 5099 l.
849 5060 892 5099 c.
931 5060 985 5114 p.
1023 5043 1131 5099 586
1167 5059 1250 5113 sq.

337 5155 380 5224 ⁸)
416 5154 553 5210 Cod.
592 5153 654 5208 B.
694 5151 785 5206 101.
824 5152 893 5207 82
932 5150 1452 5219 (.Attendentes
1491 5149 1758 5219 quod·).

422 5244 559 5299 Cod.
599 5242 665 5296 V.
705 5240 796 5295 101.
835 5241 920 5295 74.

337 5333 382 5403 ⁴)
419 5333 500 5389 Ct.
539 5330 776 5387 Daumet
811 5330 847 5383 1.
886 5345 931 5383 c.
970 5327 1039 5382 n⁰
1075 5330 1177 5384 847
1218 5329 1496 5397 (,Dudum
1535 5328 1780 5399 diligenti
1818 5326 2242 5393 meditatione·).

2832 5429 2865 5480 to
