3688 5825
1649 284 1734 344 25

190 491 504 558 Bonifatii
562 491 716 556 VIII.
794 493 979 558 erant
1057 490 1274 557 adhuc
1332 491 1399 557 in
1462 491 1666 578 pleno
1728 492 1983 578 vigore,
2043 498 2258 576 *quare
2329 492 2587 577 optimo
2646 491 2784 557 iure
2850 491 3185 577 praefatus

187 597 537 665 Johannes
584 597 769 663 XXII.
827 596 910 664 ad
970 598 1153 684 ipsas
1234 597 1426 664 initio
1485 597 1588 664 sui
1662 598 2092 683 pontificatus
2151 599 2555 685 provocavit,
2605 602 2965 683 antequam
3038 598 3185 683 ipse

190 704 596 790 legislatoris
644 722 891 771 munus
938 708 1288 771 exerceret.

404 808 539 878 Sed
579 812 707 877 iam
757 814 938 877 octo
987 809 1163 877 dies
1212 808 1416 896 (1316
1465 810 1647 898 Sept.
1690 811 1819 898 15.)
1840 811 1889 898 1)
1939 814 2095 897 post
2141 830 2305 878 suae
2353 811 2808 878 coronationis
2857 811 3185 878 solemnia

189 917 566 985 Gaucelino
627 937 751 984 suo
812 917 1353 985 vicecancellario
1425 917 1785 998 mandavit,
1859 921 1930 984 ut
1998 919 2066 985 in
2138 919 2526 1004 scripturam
2600 916 2926 1003 redigeret
2995 936 3183 984 suam

189 1025 645 1103 voluntatem,
739 1043 871 1110 qua
970 1025 1272 1101 „omnia
1364 1025 1756 1092 beneficia
1851 1026 2431 1105 ecclesiastica,
2528 1043 2698 1111 quae
2790 1024 3032 1091 fuerint
3123 1029 3189 1091 et

192 1150 626 1217 quocumque
696 1132 971 1198 nomine
1041 1134 1457 1210 censeantur,
1530 1133 1914 1217 ubicunque
1986 1153 2062 1200 ea
2146 1150 2376 1200 vacare
2446 1132 2798 1221 contigerit
2868 1135 3190 1218 propter

192 1239 825 1324 acceptationem
890 1238 1251 1305 alterius
1312 1239 1728 1307 beneficii
1788 1242 2126 1326 praetextu
2177 1241 2427 1325 gratiae
2483 1240 2567 1305 ab
2617 1238 2855 1305 eodem
2906 1238 3186 1305 domino

193 1344 308 1429 (sc.
356 1344 700 1430 Johanne)
748 1345 955 1411 factae
1003 1345 1108 1412 vel
1177 1345 1522 1412 faciendae
1592 1347 1950 1432 acceptati“
2029 1365 2217 1413 suae
2264 1349 2338 1413 et
2386 1344 2618 1412 Sedis
2666 1344 3185 1432 Apostolicae

194 1452 529 1518 collatio
544 1452 623 1517 ni
651 1452 1023 1519 reservavit.
1074 1451 1228 1532 Qua
1253 1452 1595 1519 voluntate
1612 1453 1680 1518 in
1698 1452 2086 1519 cancellaria
2111 1472 2231 1519 sua
2253 1470 2587 1539 expressa,
2617 1453 2745 1518 iam
2766 1453 2848 1518 ab
2870 1452 3058 1518 initio
3081 1453 3183 1518 sui

197 1559 627 1644 pontificatus
655 1558 1028 1643 praedictus
1054 1558 1398 1632 Romanus
1424 1558 1732 1626 Pontifex
1763 1559 2088 1625 ambitum
2131 1560 2652 1627 reservationum
2693 1560 3183 1645 generalium

199 1665 536 1731 multum
587 1665 930 1751 ampliavit
976 1668 1041 1731 et
1089 1666 1156 1730 in
1206 1664 1440 1731 eadem
1491 1665 1595 1731 via
1645 1666 1848 1751 paulo
1899 1669 2053 1751 post
2099 1666 2369 1752 longius
2419 1684 2816 1751 progressus
2865 1668 2986 1732 est.

416 1770 641 1838 Primo
676 1771 826 1839 loco
859 1771 1271 1837 nominanda
1315 1774 1418 1837 est
1457 1772 1846 1838 constitutio
1896 1773 2040 1851 „Ex
2089 1772 2400 1839 debito“
2424 1773 2475 1858 ²)
2536 1790 2727 1858 quae,
2778 1774 2847 1838 ut
2881 1771 3187 1839 Pontifex

204 1880 347 1964 ipse
410 1878 781 1957 confitetur,
853 1878 1056 1964 paulo
1106 1880 1261 1965 post
1331 1897 1493 1945 suae
1567 1879 2013 1965 promotionis
2085 1879 2504 1964 exordium-⁹³)
2576 1881 2994 1965 promulgata
3065 1883 3184 1947 est.

410 1984 493 2051 Vi
574 1984 775 2051 officii
858 1984 1211 2070 pastoralis
1289 2002 1384 2051 ex
1458 1985 1619 2052 alto
1697 1986 1826 2052 sibi
1898 1986 2201 2052 concessi
2266 1986 2553 2057 intendit
2605 1986 2953 2053 Johannes
2998 1986 3185 2053 XXII.

209 2091 514 2178 periculis
631 2092 997 2157 animarum
1105 2109 1367 2158 necnon
1462 2092 1889 2159 ecclesiarum
1983 2110 2058 2158 ac
2150 2093 2708 2159 monasteriorum
2812 2091 3187 2179 dispendiis

205 2216 559 2278 occurrere,
619 2216 792 2284 quae
863 2198 1029 2283 ipsis
1076 2216 1158 2264 ex
1206 2198 1482 2264 diutinis
1530 2198 1994 2265 vacationibus
2063 2199 2478 2285 frequentius
2550 2200 2899 2285 provenire
2969 2200 3191 2266 solent

206 2308 284 2384 et,
332 2308 406 2370 ut
454 2305 734 2391 insuper
781 2304 1178 2390 principatui
1229 2303 1571 2377 Romanae
1620 2304 1957 2373 Ecclesiae
2019 2323 2098 2371 ex
2155 2304 2382 2371 divina
2455 2306 2840 2391 provisione
2911 2307 3188 2373 obtento

210 2413 462 2488 ,honor
511 2411 777 2478 debitus
826 2410 1309 2496 impendatur,“
1373 2412 1667 2477 animum
1719 2410 2000 2479 advertit
2047 2410 2131 2478 ad
2189 2411 2605 2498 supradictas
2675 2413 3189 2480 constitutiones

203 2538 237 2585 a
296 2518 638 2585 Bonifatio
700 2518 853 2584 VIII.
926 2519 992 2583 et
1053 2516 1399 2584 Clemente
1457 2516 1536 2583 V.
1602 2517 1815 2585 editas
1893 2519 2061 2586 circa
2138 2519 2591 2605 generalem
2672 2520 3186 2586 reservationem

203 2626 679 2692 beneficiorum
716 2623 920 2710 apud
970 2623 1252 2691 Sedem
1296 2623 1846 2710 apostolicam
1880 2626 2282 2705 vacantium,
2316 2644 2398 2692 ex
2429 2627 2650 2693 causis
2684 2626 3190 2693 rationabilibus

204 2734 265 2798 et
333 2731 418 2798 de
492 2729 950 2797 Cardinalium
1031 2731 1315 2797 consilio
1400 2732 1761 2809 „nonnulla
1841 2731 2276 2811 detrahend0,
2356 2732 2579 2817 aliqua
2658 2732 3055 2800 declarando
3127 2734 3191 2798 et

205 2839 588 2926 quaedam
639 2837 1004 2905 addendo
1053 2838 1145 2904 de
1194 2845 1466 2905 novo“.
1560 2838 1892 2905 Processit
1938 2838 2116 2905 enim
2150 2839 2495 2906 Johannes
2528 2839 2712 2904 XXII.
2765 2838 3189 2906 extendendo

205 2947 686 3013 reservationes
762 2947 1108 3032 generales
1187 2947 1317 3013 iam
1399 2947 1671 3013 ulterius
1752 2965 1953 3032 quam
2027 2946 2573 3032 praedecessores
2645 2948 2769 3014 sui.
2894 2947 3188 3013 Primum

205 3054 559 3120 reservavit
581 3071 717 3139 pro
744 3057 892 3120 tem
909 3072 1097 3139 pore
1121 3055 1240 3120 sui
1269 3054 1796 3139 pontificatus
1822 3071 2062 3119 omnes
2080 3053 2567 3139 patriarchales,
2589 3054 3190 3140 archiepiscopales

206 3163 267 3227 et
343 3160 755 3247 episcopalis
832 3159 1050 3240 sedes,
1131 3161 1535 3227 monasteria
1615 3163 1681 3226 et
1756 3160 2073 3227 ecclesias
2123 3160 2479 3246 regulareS,
2549 3161 2899 3245 prioratus,
2950 3161 3189 3240 officia,

206 3268 840 3346 administrationeS,
959 3267 1338 3353 dignitates,
1455 3271 1877 3353 personatuS,
1994 3267 2414 3352 praebendas
2507 3267 2771 3353 aliaque
2865 3267 3191 3333 beneficia

206 3375 650 3441 ecclesiastica
720 3392 772 3439 c.
837 3393 990 3440 cura
1058 3375 1165 3440 vel
1214 3394 1265 3441 s.
1315 3393 1469 3441 cura
1518 3374 1723 3460 apud
1797 3373 2080 3440 Sedem
2129 3372 2685 3459 Apostolicam
2735 3375 3035 3440 vacantia
3084 3374 3185 3440 vel

205 3485 531 3547 vacatura.

408 3587 675 3654 Deinde
735 3589 989 3672 praeter
1058 3591 1337 3654 mortem
1412 3588 1478 3653 in
1551 3587 1750 3654 Curia
1822 3588 1990 3654 inter
2058 3586 2605 3660 Reservationum
2655 3586 3188 3672 Apostolicarum

205 3713 439 3761 causas
534 3698 960 3761 recensentur
1050 3694 1469 3780 depositio
1563 3713 1639 3761 ac
1731 3694 2078 3780 privatio
2158 3694 2761 3772 beneficiorum,
2840 3695 3189 3760 cassatio

207 3801 737 3878 electionum,
788 3801 1143 3888 repulsio
1216 3802 1892 3887 postulationum,
1951 3800 2458 3867 renunciatio
2517 3819 2616 3867 sc.
2675 3801 2755 3866 in
2829 3802 3191 3867 manibus

207 3906 667 3987 Pontificis,
727 3907 1303 3974 beneficiorum
1370 3907 1681 3974 vacatio
1749 3926 1885 3993 per
1932 3907 2505 3993 provisionem,
2573 3908 3189 3974 translationem

207 4015 330 4080 vel
427 4014 1039 4099 susceptionem
1112 4014 1460 4080 muneris
1554 4013 2190 4080 consecrationis
2266 4014 2393 4079 vel
2473 4013 3075 4080 benedictionis
3153 4034 3191 4081 a

211 4118 621 4187 Clemente
669 4120 745 4186 V.
794 4120 918 4187 vel
968 4122 1065 4187 ab
1115 4122 1293 4207 ipso
1344 4121 1747 4205 promotis
1796 4121 2161 4206 impensi,
2211 4121 2277 4185 in
2328 4123 2650 4204 quantum
2685 4118 2769 4185 de
2804 4120 3189 4186 huiusmodi

211 4226 555 4293 beneficiis
604 4245 642 4293 a
691 4244 827 4293 suo.
867 4226 1379 4312 praedecessore
1428 4245 1643 4312 usque
1714 4227 1933 4294 adhuc
2002 4244 2139 4292 non
2204 4230 2338 4292 erat
2410 4226 2835 4311 dispositum.
2929 4227 3192 4293 Deinde

217 4334 430 4420 „apud
483 4332 729 4399 Sedem
780 4332 1274 4419 Apostolicam“
1353 4353 1433 4399 ex
1502 4336 1658 4401 tunc
1727 4335 2172 4400 censebantur
2224 4352 2454 4400 vacare
2523 4351 2761 4399 omnes
2832 4333 3193 4418 dignitates

213 4441 404 4506 etiam
471 4439 917 4526 episcopaleS,
990 4441 1328 4519 ecclesiae,
1403 4441 1804 4507 monasteria
1878 4443 1942 4506 et
2004 4440 2131 4506 alia
2201 4438 2533 4526 praedicta
2607 4439 2950 4518 beneficia,
3023 4459 3194 4526 quae

214 4545 681 4614 Cardinales
731 4550 1029 4633 tempore
1079 4548 1308 4613 mortis
1358 4548 1499 4613 sive
1549 4548 1624 4613 in
1660 4546 1861 4614 Curia
1911 4548 2078 4613 sive
2128 4549 2342 4612 extra
2376 4546 2730 4612 incidentis
2778 4548 3191 4613 obtinebant.

215 4652 387 4719 Idem
469 4652 828 4720 dicendum
902 4656 1004 4720 est
1080 4652 1163 4719 de
1235 4653 1673 4738 dignitatibus
1753 4658 1818 4720 et
1888 4654 2233 4720 beneficiis
2305 4652 2715 4738 quibuslibet
2809 4654 3192 4720 officialium

336 4866 379 4936 1)
416 4865 579 4931 Erler‚
621 4865 731 4919 Der
769 4864 925 4919 Liber
962 4864 1324 4919 Cancellariae
1360 4864 1709 4934 Apostolicae
1745 4879 1875 4918 vom
1912 4864 2070 4918 Jahre
2114 4864 2248 4919 1380
2283 4880 2336 4934 p.
2380 4864 2496 4919 167.

335 4954 381 5023 ¹)
421 4979 485 5002 =
526 4971 570 5010 c.
608 4955 662 5008 4.
702 4957 754 5008 in
794 4955 1004 5008 Extrav.
1046 4953 1257 5009 Comm.
1297 4954 1331 5008 1.
1370 4954 1420 5009 3.

423 5043 561 5099 Cod.
601 5042 662 5097 B.
702 5058 756 5111 p.
795 5041 1023 5098 65—67.

424 5133 561 5188 Cod.
605 5133 670 5188 V.
709 5148 762 5201 p.
800 5133 885 5187 68.

422 5223 546 5278 Vidi
588 5221 1050 5276 Commentarium
1090 5223 1143 5275 in
1183 5222 1286 5274 hoc
1326 5223 1484 5290 caput
1524 5220 1579 5274 P.
1622 5220 1704 5274 VI.
1745 5218 1815 5272 n0
1850 5220 1900 5274 3.

338 5311 381 5381 8)
420 5312 550 5384 Reg.
589 5312 767 5366 Aven.
807 5312 841 5364 t.
888 5311 967 5363 15.
1006 5326 1058 5379 p.
1107 5310 1223 5366 187.
