3688 5825
1949 306 2032 366 82

501 509 1010 594 providendum,
1062 510 1378 596 idemque
1417 511 1641 578 Pasok
1689 512 1919 578 litteris
1969 513 2358 598 apostolicis
2407 531 2609 598 super
2653 513 3041 580 huiusmodi
3091 515 3479 600 provisione

499 616 839 696 confectiS,
941 621 1301 702 antequam
1401 620 1911 703 possessionem
1992 620 2382 685 eorumdem
2484 621 2916 686 canonicatus
2994 623 3059 686 et
3137 621 3478 706 prebende

501 723 733 790 fuisset
782 723 1092 808 adeptuS,
1164 724 1338 791 viam
1389 725 1578 791 fuerit
1627 728 1805 791 extra
1856 726 2138 792 eandem
2197 727 2443 793 curiam
2495 728 2801 793 universe
2848 728 3063 794 carnis
3114 728 3478 813 ingressuS‚

501 834 563 897 et
642 830 1010 896 secundum
1098 832 1422 915 premissa
1513 833 1943 899 canonicatus
2021 835 2086 898 et
2162 833 2501 918 prebenda
2588 834 2862 919 predicti
2939 835 3158 901 adhuc
3250 853 3480 902 vacare

502 940 882 1016 noscantur,
955 937 1314 1023 nullusque
1386 942 1600 1023 preter
1646 958 1772 1005 nos
1823 940 1945 1005 hac
1992 940 2134 1005 vice
2184 939 2266 1005 de
2315 940 2445 1006 illis
2516 939 2873 1025 disponere
2922 942 3210 1027 potuerit
3258 961 3480 1028 neque

502 1044 736 1128 possit,
817 1045 1295 1123 reservacione,
1374 1045 1827 1112 declaracione
1900 1049 1963 1112 et
2028 1046 2304 1113 decretis
2353 1048 2837 1114 obsistentibus
2908 1048 3242 1133 predictis.
3338 1049 3482 1116 Nos

502 1150 806 1216 volentes
853 1151 992 1230 tibi,
1042 1152 1108 1216 in
1160 1150 1454 1237 Ungarie
1504 1156 1568 1219 et
1593 1151 1876 1219 polonie
1926 1153 2175 1238 Regnis
2224 1153 2396 1219 dicte
2453 1154 2633 1220 sedis
2680 1155 2949 1235 nuncio,
3001 1156 3479 1240 premissorum

505 1257 888 1323 meritorum
968 1258 1206 1324 intuitu
1284 1260 1573 1343 graciam
1645 1259 1858 1326 iacere
1937 1260 2317 1345 specialem,
2391 1262 2857 1328 canonicatum
2937 1265 3000 1328 et
3071 1263 3481 1349 prebendam

504 1364 837 1448 predictos
888 1365 982 1430 sic
1031 1368 1340 1431 vacantes
1387 1384 1538 1432 cum
1588 1366 2005 1451 plenitudine
2068 1367 2226 1433 iuris
2274 1368 2577 1434 canonici
2627 1386 2703 1434 ac
2751 1369 3066 1436 omnibus
3117 1371 3373 1437 iuribus
3422 1373 3482 1437 et

503 1471 931 1555 pertinenciis
1011 1473 1149 1538 suis
1230 1472 1599 1557 apostolica
1676 1474 1794 1539 tibi
1875 1474 2258 1540 auctoritate
2335 1474 2739 1541 conterimus
2788 1479 2854 1541 et
2913 1476 2996 1542 de
3060 1476 3190 1542 illis
3269 1479 3480 1544 eciam

503 1577 958 1662 providemus,
1030 1579 1485 1659 decernentes,
1561 1583 1759 1665 prout
1820 1583 1920 1646 est
1977 1580 2223 1646 irritum
2288 1583 2351 1646 et
2399 1581 2618 1661 inane,
2691 1583 2746 1647 si
2811 1600 3003 1649 secus
3075 1602 3277 1668 super
3356 1584 3481 1650 hiis

503 1703 540 1750 a
590 1703 956 1769 quoquam,
1006 1687 1243 1771 quavis
1293 1688 1697 1765 auctoritate,
1748 1688 2029 1753 scienter
2070 1687 2173 1753 vel
2213 1689 2596 1772 ignoranter
2626 1690 3084 1774 attemptatum
3121 1690 3347 1756 forsan
3385 1696 3481 1757 est

503 1791 821 1857 hactenus
871 1792 975 1857 vel
1022 1793 1371 1878 contigerit
1435 1794 1872 1878 imposterum
1945 1795 2331 1879 attemptari.
2457 1794 2610 1861 Non
2685 1797 3110 1862 obstantibus
3159 1801 3279 1863 etc.
3333 1848 3347 1863 .
3401 1850 3414 1863 .
3465 1849 3478 1864 .

683 1950 694 1961 .
766 1898 926 1964 illud
962 1902 1240 1984 prestes.
1327 1899 1480 1979 Seu,
1535 1901 1718 1985 quod
1785 1901 1850 1966 in
1898 1899 2325 1968 Cracoviensi
2362 1905 2424 1967 et
2458 1900 2844 1968 Gneznensi
2901 1921 2976 1969 ac
3023 1904 3089 1969 in
3122 1902 3478 1983 Ticulensi‚

504 2002 926 2071 Colociensis
960 2006 1269 2086 diocesiS,
1318 2008 1748 2073 canonicatus
1798 2010 1861 2073 et
1903 2007 2279 2093 prebendas
2315 2010 2377 2074 et
2412 2008 2477 2074 in
2514 2008 2685 2074 dicta
2720 2008 3145 2076 Cracoviensi
3182 2012 3480 2077 ecclesiis

504 2111 912 2178 scolastriam
962 2114 1261 2179 nosceris
1310 2115 1628 2180 obtinere.
1720 2114 1899 2180 Nulli
1950 2133 2110 2199 ergo
2160 2117 2278 2181 etc.

716 2236 961 2303 Datum
1012 2237 1342 2304 Avinione
1392 2239 1517 2304 kal.
1565 2239 1747 2305 Junii
1798 2258 1855 2305 a.
1906 2242 2163 2306 octav0.

718 2361 783 2426 ln
861 2362 1100 2428 eodem
1183 2363 1389 2429 modo
1466 2403 1555 2410 —
1632 2364 1907 2430 Dilectis
1984 2364 2140 2430 filiis
2206 2416 2219 2431 .
2273 2415 2286 2429 .
2340 2416 2353 2429 .
2418 2365 2762 2450 preposito
2841 2364 3139 2432 Ariensis
3219 2370 3476 2433 et...

505 2465 971 2534 archidiacono
1019 2467 1484 2537 Cracoviensis
1527 2471 1952 2538 ecclesiarum
1987 2489 2062 2537 ac
2111 2522 2124 2536 .
2163 2522 2176 2537 .
2215 2522 2228 2536 .
2280 2471 2549 2538 officiali
2584 2471 3009 2538 Cracoviensi
3045 2472 3324 2539 salutem
3361 2477 3475 2540 etc.

717 2593 963 2659 Datum
1015 2597 1085 2660 ut
1133 2613 1351 2681 supra.

506 3020 642 3075 eod.
682 3020 742 3075 B.
782 3019 873 3075 τοι.
915 3021 1032 3075 114.
1934 2914 2058 2994 29⁶

569 3200 1028 3290 Decernitur‚
1092 3205 1502 3279 reservacio
1560 3199 1722 3303 (sic)
1780 3200 2066 3279 domini
2122 3201 2488 3281 Johannis
2544 3203 2852 3305 perinde
2908 3204 3152 3282 valere
3210 3227 3299 3283 ac
3354 3209 3413 3283 si

1347 3325 1579 3403 littere
1635 3349 1863 3428 super
1918 3349 2000 3404 ea
2059 3327 2245 3404 facte
2300 3327 2630 3407 fuissent.

1402 3465 1525 3546 Ad
1581 3468 1899 3547 futuram
1961 3473 2060 3547 rei
2119 3474 2582 3548 memoriam.

720 3628 1046 3694 Dudum
1108 3628 1398 3695 felicis
1461 3628 2108 3695 recordacionis
2175 3629 2522 3697 Johannes
2582 3650 2757 3717 papa
2803 3631 2988 3698 XXII.
3048 3631 3481 3717 predecessor

509 3738 736 3801 noster
796 3735 1148 3801 intendens
1182 3734 1265 3800 de
1309 3735 1653 3801 beneficiis
1702 3736 2187 3815 ecclesiasticiS,
2237 3755 2369 3821 que
2418 3739 2759 3823 quondam
2807 3737 2972 3805 Ar.²¹⁸
3011 3739 3060 3825 1)
3110 3737 3479 3818 Costolani,

507 3843 873 3909 canonicus
929 3842 1408 3908 Foroliviensis
1429 3842 1503 3928 2),
1551 3844 1707 3908 tunc
1775 3843 2096 3928 temporis
2169 3844 2533 3924 obtinebat,
2611 3864 2760 3912 cum
2841 3845 2951 3911 illa
3026 3846 3480 3930 quovismodo

508 3967 737 4017 vacare
807 3950 1239 4034 contingeret,
1310 3967 1428 4034 per
1485 3949 1856 4034 apostolice
1935 3950 2114 4016 sedis
2195 3951 2689 4036 providenciam
2756 3952 3079 4033 ordinare,
3155 3954 3482 4020 beneficia

510 4057 676 4141 ipsa,
778 4055 936 4122 dum
1038 4055 1254 4121 adhuc
1353 4055 1530 4121 idem
1621 4055 1819 4121 Ar.‘¹¹¹⁸
1881 4062 2104 4141 ageret
2175 4058 2240 4122 in
2320 4058 2652 4139 humanis,
2746 4077 2824 4126 ea
2917 4059 3079 4139 vice,
3174 4060 3482 4127 videlicet

509 4164 706 4229 nonis
778 4163 946 4248 junii
1023 4162 1450 4248 pontificatus
1522 4163 1894 4248 eiusdemss)
1966 4164 2459 4248 predecessoris
2508 4185 2686 4233 anno
2745 4167 3057 4252 septim0,
3128 4168 3481 4234 collacioni

508 4275 571 4335 et
596 4269 1034 4354 disposicioni
1068 4287 1187 4335 sue
1215 4288 1290 4336 ac
1323 4268 1503 4335 sedis
1530 4269 1819 4354 predicte
1861 4270 2234 4354 specialiter
2281 4274 2652 4351 reservavit,
2703 4273 3059 4340 districtius
3108 4273 3481 4341 inhibendo

509 4377 598 4443 illi
650 4377 752 4442 vel
803 4376 951 4455 illis,
1000 4376 1082 4443 ad
1133 4394 1334 4461 quem
1367 4376 1471 4441 vel
1521 4375 1604 4442 ad
1670 4394 1841 4461 quos
1908 4377 2206 4461 ipsorum
2272 4379 2749 4446 beneficiorum
2814 4381 3113 4460 collaci0,
3180 4383 3482 4465 provisio

509 4486 612 4550 vel
685 4484 919 4568 quevis
991 4483 1117 4549 alia
1189 4483 1558 4568 disposicio
1622 4483 1975 4567 pertineret
2042 4486 2487 4551 communiter
2561 4488 2664 4553 vel
2743 4487 3031 4565 divisim,
3082 4505 3164 4553 ne
3216 4483 3303 4553 de
3355 4489 3482 4554 illis

509 4594 734 4657 contra
763 4591 1285 4656 reservacionem
1323 4590 1536 4674 ipsam
1575 4589 1934 4674 disponere
1969 4595 2426 4675 presumerent
2461 4595 2945 4679 quoquomodo
2964 4612 3039 4661 ac
3058 4593 3483 4661 decernendo

511 4701 750 4763 extunc
842 4697 1091 4762 irritum
1181 4699 1245 4762 et
1323 4696 1539 4774 inane,
1620 4697 1674 4761 si
1756 4715 1948 4762 secus
2023 4715 2225 4782 super
2301 4699 2428 4765 hiis
2508 4719 2625 4785 per
2701 4718 3163 4786 quoscunque,
3245 4704 3483 4786 quavis

512 4805 932 4883 auctoritate,
1026 4804 1310 4870 scienter
1400 4803 1502 4868 vel
1593 4803 1976 4888 ignoranter
2064 4805 2476 4890 contingeret
2552 4809 2942 4893 attemptari.
3078 4807 3224 4873 Nos
3304 4828 3482 4888 vero,

512 4915 581 4975 ut
628 4911 711 4977 de
760 4911 926 4996 ipsis
976 4910 1451 4988 reservacione‚
1500 4910 1912 4976 inhibicione
1961 4915 2024 4976 et
2071 4911 2335 4978 decreto
2384 4918 2687 4980 constare
2736 4917 2968 5000 posset
3015 4915 3080 4979 in
3116 4918 3481 4999 posterum,

512 5017 594 5083 de
666 5023 1000 5103 oportuno
1051 5016 1347 5083 remedio
1398 5017 1743 5101 providere
1800 5017 2124 5097 volenteS,
2188 5021 2557 5104 apostolica
2606 5022 2989 5087 auctoritate
3038 5020 3481 5101 decernimus

513 5125 1057 5203 reservacionem,
1110 5123 1588 5190 inhibicionem
1639 5126 1703 5189 et
1750 5123 2083 5190 decretum
2135 5127 2421 5210 predicta
2473 5127 2748 5211 perinde
2779 5130 2998 5194 valere
3045 5146 3122 5194 ac
3169 5129 3225 5193 si
3274 5129 3481 5195 littere

513 5231 784 5315 predicti
858 5231 1349 5317 predecessoris
1420 5248 1620 5314 super
1691 5231 2168 5305 reservacione,
2244 5231 2651 5299 inhibicione
2722 5237 2787 5300 et
2855 5234 3118 5300 decreto
3169 5236 3480 5318 predictis

512 5338 677 5404 facte
747 5341 810 5404 et
881 5339 1094 5423 ipsius
1164 5337 1344 5403 bulla
1414 5336 1660 5401 bullate
1706 5336 1990 5402 tuissent
2060 5341 2123 5403 et
2194 5341 2376 5424 quod
2428 5344 2770 5426 presentes
2819 5341 3026 5407 littere
3077 5341 3160 5406 ad
3211 5343 3477 5427 plenam
