3688 5825
1698 319 1781 378 99

250 524 675 590 ecclesiarum
749 543 949 611 quarn
1001 525 1150 591 aliis
1220 524 1567 592 beneficiis
1637 525 2105 591 ecclesiasticis
2175 543 2323 591 cum
2375 542 2527 591 cura
2574 525 2678 591 vel
2729 524 2874 591 sine
2923 542 3096 602 cura,
3147 523 3230 589 de

251 631 501 715 quibus
562 630 867 697 nondum
927 630 1429 717 provideramus
1489 650 1607 698 seu
1657 622 1989 717 provideri
2040 630 2595 698 mandaveramus
2644 649 2723 697 ex
2770 631 2963 698 certis
3010 631 3231 698 causis

249 732 710 804 rev'ocavimus
776 740 840 804 et
910 738 1158 804 nullius
1228 741 1387 805 tunc
1455 757 1604 805 esse
1675 737 2091 805 decrevimus
2139 738 2488 805 firmitatis.
2582 738 2911 804 Volumus
2982 741 3230 816 tamen,

248 844 754 912 revocacionem
872 844 1260 912 huiusmodi
1376 844 1459 911 ad
1560 845 1944 931 dignitates,
2046 848 2446 932 personatus
2547 849 2611 913 et
2709 848 2929 912 curata
3011 844 3233 912 officia

248 971 389 1019 non
485 952 774 1018 extendi.
941 952 1366 1020 Intendentes
1488 953 1689 1038 igitur
1806 953 1980 1020 viam
2100 953 2616 1038 quibuscunque
2732 951 2976 1032 dubiis,
3101 970 3232 1036 que

250 1058 476 1145 quoad
555 1059 867 1127 vacancia
943 1063 1244 1145 tempore
1315 1060 1701 1127 huiusmodi
1775 1061 2227 1127 revocacionis
2306 1060 2632 1126 beneficia
2710 1061 2989 1145 possent
3064 1059 3232 1126 circa

247 1166 753 1234 revocacionem
804 1167 1087 1234 eandem
1122 1168 1359 1234 exoriri
1394 1164 1697 1247 forsitan,
1746 1172 2090 1253 amputare
2142 1167 2527 1234 auctoritate
2562 1166 2953 1252 apostolica,
3002 1169 3232 1233 tenore

247 1274 671 1359 presencium
700 1274 1133 1353 declaramuS,
1169 1278 1394 1341 nostre
1429 1274 1830 1343 intencionis
1863 1275 2071 1342 fuisse
2107 1277 2173 1341 et
2205 1293 2376 1353 esse,
2413 1274 2913 1342 revocacionem
2948 1272 3228 1340 eandem

246 1380 334 1447 ad
384 1382 818 1448 canonicatus
867 1384 932 1448 et
966 1381 1341 1467 prebendas
1375 1382 1799 1449 ecclesiarum
1838 1383 2130 1468 ipsarum
2168 1385 2233 1448 et
2266 1381 2393 1447 alia
2431 1380 2756 1448 beneficia
2789 1380 3232 1449 ecclesiastica

252 1506 657 1575 quecunque
730 1491 795 1555 et
872 1488 1365 1574 qualiacunque
1441 1491 1743 1574 tempore
1823 1488 2212 1555 huiusmodi
2294 1488 2772 1555 reservacionis
2850 1486 3232 1572 ubicunque

246 1597 312 1661 et
386 1595 955 1681 quomodocunqe
1024 1595 1336 1662 vacancia
1407 1614 1543 1661 non
1618 1595 1906 1676 extendi,
1957 1595 2411 1675 decernenteS,
2478 1597 2675 1681 prout
2721 1596 2821 1660 est
2871 1594 3118 1659 irritum
3169 1596 3234 1660 et

248 1701 469 1782 inane,
520 1702 840 1788 quicquid
913 1705 1138 1769 contra
1211 1701 1738 1769 declaracionem
1811 1705 2106 1770 nostram
2183 1701 2574 1769 huiusmodi
2624 1704 3082 1787 attemptatum
3134 1704 3234 1767 est

248 1808 355 1874 vel
404 1810 757 1894 contigerit
804 1809 1197 1894 attemptari.
1276 1808 1456 1875 Nulli
1507 1828 1668 1895 ergo
1714 1810 1838 1876 etc.
1935 1808 2004 1877 Si
2056 1809 2207 1895 quis
2255 1812 2476 1876 autem
2527 1811 2647 1875 etc.

463 1933 710 1999 Datum
758 1932 1090 2001 Avinione
1135 1933 1212 1999 V.
1264 1933 1415 2000 idus
1460 1934 1691 2002 Marcii
1741 1934 2173 2021 pontificatus
2222 1935 2431 2002 nostri
2480 1952 2537 1999 a.
2588 1933 2873 2001 decimo.

1677 2308 1803 2389 46.

253 2431 388 2487 1352
427 2430 559 2486 Dec.
603 2430 683 2486 19.

248 2519 386 2576 Cod.
428 2520 488 2575 B.
526 2520 620 2575 iol.
663 2520 957 2575 140—141.

355 2736 813 2828 Declaracio,
876 2736 1086 2838 quod
1142 2737 1382 2816 forma
1442 2736 1751 2838 perinde
1805 2738 2053 2816 valere
2108 2737 2227 2816 vel
2285 2737 2962 2817 aliaconiirmacio
3019 2739 3115 2814 ita

1307 2861 1528 2940 afficit
1583 2866 1770 2941 sicut
1826 2863 2160 2943 collaciO.
2808 2850 2817 2862 ”

823 3002 1181 3084 Clemens
1239 3007 1372 3084 ete.
1486 3002 1608 3082 Ad
1665 3005 1988 3084 futuram
2048 3011 2147 3085 rei
2207 3010 2668 3085 memoriam.

459 3182 770 3249 Dudum
804 3200 1079 3250 omnes
1112 3182 1544 3249 canonicatus
1578 3185 1643 3249 et
1676 3182 2073 3268 prebendas,
2124 3183 2505 3268 dignitates,
2557 3185 2976 3269 personatus,
3011 3182 3231 3250 officia

246 3294 308 3357 et
342 3290 679 3369 ecclesiaS,
713 3293 926 3356 cetera
961 3289 1285 3356 beneficia
1320 3289 1847 3376 ecclesiastica,¹)
1898 3291 2216 3357 secularia
2265 3293 2331 3356 et
2364 3290 2707 3376 regularia,
2757 3309 2907 3356 cum
2941 3308 3095 3357 cura
3127 3290 3232 3357 vel

247 3398 392 3464 sine
439 3415 616 3475 cura,
690 3414 806 3482 per
873 3395 1374 3463 assecucionem
1449 3395 1791 3481 pacificam
1867 3416 2422 3483 quorumcunque
2484 3396 2962 3464 beneficiorum
3027 3397 3231 3464 eccle-

250 3504 671 3570 siasticorum
751 3522 867 3589 per
941 3521 1066 3569 nos
1147 3521 1264 3569 seu
1344 3504 1727 3570 auctoritate
1806 3504 2163 3571 litterarum
2243 3507 2616 3571 nostrarum
2694 3504 3086 3571 collatorum
3168 3506 3233 3569 et

252 3611 665 3697 inposterum
737 3609 1292 3684 conferendorum
1340 3610 1690 3676 collacioni
1765 3613 1828 3676 et
1877 3610 2316 3696 disposicioni
2389 3615 2614 3679 nostre
2663 3611 2976 3678 duximus
3025 3628 3230 3677 reser-

249 3717 490 3797 vanda,
540 3717 972 3784 decernentes
1023 3718 1263 3783 extunc
1312 3716 1559 3782 irritum
1610 3719 1676 3783 et
1724 3718 1922 3783 inane
1970 3719 2364 3804 attemptari.

459 3841 899 3909 Postmodum
972 3859 1128 3908 vero
1200 3842 1523 3908 nonnulle
1597 3861 1907 3927 persone,
1982 3844 2228 3928 quibus
2300 3845 2685 3911 auctoritate
2750 3843 3081 3910 ordinaria
3128 3842 3232 3908 vel

244 3949 371 4015 alia
443 3950 767 4016 nonnulla
839 3948 1165 4016 beneficia
1235 3950 1679 4017 ecclesiastica
1740 3969 1890 4016 cum
1939 3969 2094 4016 cura
2140 3951 2244 4017 vel
2294 3951 2438 4017 sine
2486 3970 2637 4018 cura
2686 3951 2928 4017 collata
2976 3948 3236 4015 fuerant

244 4059 309 4123 et
357 4056 455 4123 eis
504 4055 586 4123 de
636 4057 767 4123 illis
817 4056 1158 4141 provisum
1209 4056 1526 4135 extiterat,
1599 4076 1730 4143 que
1760 4076 1831 4123 se
1867 4076 2003 4124 non
2051 4058 2638 4143 compaciebantur
2683 4075 2836 4123 cum
2886 4055 3234 4123 beneficiis

243 4162 747 4242 ecclesiasticis,
797 4181 927 4247 que
976 4165 1274 4248 tempore
1323 4163 1710 4231 collacionis
1759 4167 1824 4231 et
1871 4164 2277 4250 provisionis
2328 4163 2713 4231 huiusmodi
2763 4163 3230 4250 optinebant2)

244 4267 397 4355 (sic)
472 4289 509 4336 a
582 4271 779 4337 nobis
851 4269 1196 4355 diversisss)
1267 4271 1680 4337 successivas
1750 4272 2166 4357 temporibus
2238 4272 2666 4357 impetrarunt
2713 4270 3122 4338 collaciones
3171 4272 3236 4336 et

244 4376 666 4462 provisiones
759 4376 1168 4443 huiusmodi.
1297 4375 1451 4443 Non
1539 4379 1965 4445 obstantibus
2054 4378 2570 4463 quibuscunque
2658 4376 3235 4444 reservacionibus

245 4483 624 4551 confirmari
688 4486 799 4549 aut
861 4484 987 4550 sibi
1050 4483 1327 4550 concedi
1391 4484 1532 4550 sive
1596 4484 1858 4552 decerni
1923 4485 2324 4552 collaciones
2374 4487 2437 4550 et
2485 4484 2911 4569 provisiones
2959 4482 3231 4551 easdem

244 4589 521 4676 perinde
592 4590 808 4656 valere
879 4609 954 4657 ac
1023 4590 1146 4675 si4)
1219 4591 1541 4657 beneficia
1610 4593 1756 4678 ipsa
1826 4592 2272 4659 collacionum
2345 4594 2411 4657 et
2457 4590 2920 4675 provisionum
2969 4590 3054 4656 de
3105 4590 3234 4657 illis

240 4698 563 4764 factorum
641 4697 1054 4783 temporibus
1132 4700 1457 4764 reservata
1536 4700 1918 4766 nullatenus
1996 4700 2384 4765 extitissent.
2494 4696 2664 4763 Cum
2747 4700 2989 4775 autem,
3069 4697 3238 4763 sicut

242 4803 646 4888 accepimus,
697 4821 733 4869 a
782 4805 1125 4870 nonnullis
1176 4804 1240 4870 in
1290 4804 1569 4871 dubium
1606 4809 1968 4885 revocatur,
2019 4825 2103 4872 an
2138 4805 2221 4872 de
2261 4804 2648 4871 huiusmodi
2684 4803 3052 4883 beneficiis,
3103 4822 3236 4889 que

243 4928 532 4995 persone
614 4913 914 4995 tempore
994 4911 1377 4978 huiusmodi
1453 4913 1900 4980 collacionum
1976 4916 2039 4979 et
2112 4912 2570 4999 provisionum
2650 4911 3087 4997 temporibuS,
3168 4913 3239 4978 ut

243 5017 663 5102 premittitur,
712 5017 1171 5102 obtinebant⁵)
1244 5023 1308 5085 et
1370 5020 1571 5106 que⁶)
1645 5040 1763 5107 per
1825 5021 2329 5087 assecucionem
2401 5019 2679 5086 aliorum
2755 5018 3232 5086 beneficiorum

243 5123 710 5209 predictorum,
783 5122 866 5190 de
938 5125 1184 5208 quibus
1255 5127 1658 5194 collaciones
1708 5130 1769 5194 et
1818 5127 2244 5212 provisiones
2293 5127 2499 5195 iactas
2553 5126 3073 5194 confirmavinus
3121 5129 3235 5192 aut

243 5230 458 5316 illas⁷)
533 5231 869 5297 voluimus
946 5230 1086 5297 sive
1162 5234 1622 5300 concessimus
1701 5237 1815 5302 aut
1895 5235 2318 5301 decernimus
2396 5233 2669 5320 perinde
2747 5234 2962 5300 valere
3043 5251 3118 5299 ac
3174 5234 3231 5300 si

243 5340 568 5405 reservata
594 5355 731 5405 non
758 5342 1001 5417 essent,
1029 5338 1198 5406 sicut
1231 5342 1645 5426 premittitur,
1680 5345 1915 5428 posset
1947 5359 2065 5427 per
2095 5342 2320 5423 alium,
2356 5360 2558 5428 quam
2594 5359 2710 5427 per
2752 5359 2875 5407 nos
2920 5340 3228 5407 ordinari.
