3688 5825
1963 284 2048 344 36

729 491 984 558 Eodem
1035 491 1241 558 modo
1292 491 1437 576 ipse
1479 490 1644 557 intra
1694 508 1996 557 mensem
2011 490 2058 576 ¹)
2092 492 2246 575 post
2279 507 2440 556 suae
2472 488 2917 574 promotionis
2950 488 3220 554 exordia
3254 506 3501 555 omnes

515 599 946 666 canonicatus
995 601 1058 664 et
1106 596 1525 683 praebendas
1572 600 1926 682 ceteraque
1975 597 2297 664 beneficia
2346 596 2786 663 ecclesiastica
2821 613 3251 680 quocumque
3284 594 3502 662 modo

513 708 670 772 tunc
710 706 775 770 in
816 703 1050 771 Curia
1085 703 1383 771 vacantia
1410 706 1474 769 et
1500 704 1566 769 in
1595 707 1939 789 posterum
1965 706 2268 771 vacatura
2322 720 2508 780 „curn
2551 702 2785 769 similis
2825 701 2943 787 (sc.
2972 701 3310 769 Benedicti
3335 701 3503 788 XII.)

520 812 1024 897 interpositione
1073 810 1351 878 decreti“
1408 810 1499 876 ad
1549 810 1719 877 dies
1768 812 1980 877 vitae
2028 810 2213 876 duxit
2258 810 2671 876 reservanda.

729 951 830 1019 Ad
925 953 1095 1020 hanc
1187 953 1700 1019 reservationem
1796 955 2033 1038 postea
2127 952 2365 1019 adiecit
2465 951 3044 1038 declarationem2)
3145 969 3235 1018 sc.
3332 969 3501 1017 suae

518 1060 909 1126 intentionis
983 1060 1189 1126 fuisse
1268 1062 1330 1125 et
1406 1077 1554 1125 esse
1618 1060 1844 1126 omnia
1924 1059 2310 1125 huiusmodi
2389 1059 2715 1126 beneficia
2793 1062 3224 1144 quocumque
3286 1058 3504 1125 modo

515 1167 857 1234 collationi
937 1185 1097 1233 suae
1173 1166 1566 1251 generaliter
1640 1166 1745 1233 vel
1824 1166 2198 1251 specialiter
2280 1168 2606 1233 reservata
2682 1166 2878 1233 etiam
2959 1166 3026 1231 in
3095 1183 3276 1246 casu,
3357 1183 3503 1250 quo

517 1291 864 1359 personaS,
915 1274 1160 1358 quibus
1211 1272 1442 1339 eadem
1487 1273 1817 1340 beneficia
1869 1291 1987 1358 per
2035 1274 2304 1339 Litteras
2352 1271 2776 1357 Apostolicas
2825 1274 2978 1339 sunt
3024 1273 3284 1351 collata,
3343 1276 3502 1339 ante

517 1381 1024 1466 possessionem
1075 1380 1415 1465 pacificam
1472 1381 1708 1456 „rebus
1756 1380 1953 1446 eximi
1986 1381 2399 1465 contingeret
2448 1381 2531 1446 ab
2581 1380 2955 1460 humanis“,
2990 1397 3326 1445 remanere
3370 1379 3502 1446 sub

518 1506 639 1553 sua
687 1488 1154 1554 reservatione.

732 1620 1164 1706 Hinschiusss)
1237 1621 1480 1705 aliique
1555 1620 1997 1687 narrationem
2074 1639 2110 1686 a
2172 1620 2484 1706 Baluze4)
2558 1621 2776 1687 datam
2856 1623 3216 1705 sequentes
3280 1618 3505 1686 adhuc

517 1727 780 1807 docent,
828 1726 1244 1794 Clementem
1284 1726 1385 1793 VI.
1435 1728 1501 1793 in
1551 1727 1876 1812 principio
1928 1728 2030 1793 sui
2080 1727 2503 1813 pontificatus
2552 1745 2824 1794 omnes
2887 1728 3387 1813 praelaturas
3437 1729 3505 1793 et

520 1834 966 1901 abbatiales
1016 1834 1483 1918 dignitates,
1532 1833 1615 1900 ad
1667 1853 1835 1919 quas
1885 1835 2038 1919 quis
2087 1853 2204 1919 per
2250 1835 2646 1901 electionem
2680 1836 3056 1914 assumitur,
3113 1834 3282 1901 sine
3332 1834 3502 1900 ullo

520 1942 984 2008 discrimine
1091 1939 1360 2026 quoad
1478 1940 1791 2007 modum
1908 1942 2353 2008 vacationis
2468 1959 2779 2026 expresse
2871 1959 3033 2007 suae
3125 1959 3504 2007 reservasse

519 2047 970 2132 dispositioni,
1034 2046 1151 2114 sed
1216 2047 1281 2113 in
1332 2046 1649 2132 Registris
1698 2047 2093 2114 authenticis
2153 2050 2292 2113 tum
2341 2046 2674 2114 Vaticanis
2720 2050 2860 2113 tum
2908 2046 3503 2114 Avenionensibus

520 2153 672 2221 dicti
718 2153 1060 2221 Pontificis
1110 2153 1495 2220 huiusmodi
1544 2152 1786 2221 decreti
1835 2154 2092 2220 nullum
2142 2154 2436 2220 invenire
2494 2155 2679 2238 potui
2735 2154 3088 2239 vestigium
3136 2192 3224 2201 —
3272 2154 3380 2232 ita,
3429 2157 3504 2219 ut

522 2261 666 2327 sola
736 2262 1086 2327 auctoritas
1134 2261 1386 2327 Baluzii
1460 2260 1541 2327 ad
1614 2260 1854 2327 dictam
1904 2262 2282 2346 generalem
2357 2264 2420 2326 et
2490 2260 2650 2326 satis
2718 2279 2989 2346 gravem
3061 2260 3501 2327 assertionem

519 2366 834 2433 tuendam
896 2385 1044 2434 mea
1093 2367 1365 2452 quidem
1416 2368 1742 2434 sententia
1810 2368 1919 2433 vix
1968 2368 2269 2434 sufficere
2317 2385 2521 2452 posse
2569 2366 2885 2446 videatur,
2948 2368 3075 2434 nisi
3133 2368 3297 2434 forte
3347 2371 3506 2453 post

520 2474 921 2560 completam
973 2473 1333 2540 editionem
1385 2473 1824 2559 Regestorum
1877 2486 2054 2540 nova
2101 2473 2415 2541 accedant
2463 2474 2932 2560 argumenta.⁶)

736 2607 861 2674 Die
909 2608 969 2673 6.
1028 2607 1219 2674 Febr.
1284 2608 1520 2694 13436)
1554 2606 1873 2674 Clemens
1919 2607 2021 2673 Vl.
2101 2607 2220 2686 „ad
2272 2608 2810 2675 observationem
2881 2608 3097 2675 cultus
3165 2607 3503 2674 fidelitatis

522 2714 704 2800 pacis
752 2716 815 2780 et
863 2714 1183 2781 iustitiae“
1213 2714 1263 2801 7)
1322 2715 1388 2780 in
1437 2733 1646 2800 regno
1696 2714 2016 2782 Siciliae
2073 2717 2137 2781 et
2182 2715 2367 2781 terris
2414 2715 2612 2781 citra
2660 2714 2936 2780 Farum
3002 2715 3129 2780 sub
3192 2710 3502 2781 dominio

522 2820 768 2887 directo
831 2820 1172 2894 Romanae
1234 2821 1568 2888 Ecclesiae
1648 2821 2117 2888 exsistentibus
2195 2822 2349 2888 sibi
2424 2823 2494 2887 et
2572 2820 2756 2888 Sedi
2820 2819 3338 2906 Apostolicae
3417 2820 3501 2886 ad

524 2929 931 2994 biennium
1004 2929 1356 2995 reservavit
1419 2929 1841 3015 provisiones
1888 2932 1953 2995 et
2008 2929 2490 3015 dispositiones
2561 2929 2908 2996 omnium
2981 2929 3500 2997 ecclesiarum

652 3176 697 3245 1)
735 3176 866 3248 Reg.
904 3161 1079 3232 Aven‘.
1118 3174 1289 3231 Clem.
1328 3176 1415 3231 VI.
1453 3177 1490 3231 t.
1536 3176 1557 3230 1
1601 3176 1691 3231 fol.
1730 3176 1852 3232 339.

739 3264 899 3334 (Coll.
938 3280 1054 3320 can.
1094 3280 1192 3335 pro
1230 3265 1386 3320 Petro
1425 3263 1661 3320 Conradi
1700 3267 1753 3319 in
1793 3265 1922 3320 eccl.
1960 3265 2197 3335 Vratisl.)

734 3354 791 3409 P.
829 3354 936 3409 VII.
976 3353 1048 3408 n⁰
1083 3355 1169 3408 27.

736 3443 948 3498 Decreti
988 3459 1118 3498 vero
1156 3443 1422 3514 generalis
1459 3444 1663 3497 textum
1702 3459 1877 3514 usque
1914 3443 2093 3499 adhuc
2120 3446 2446 3515 investigare
2483 3461 2592 3499 non
2619 3446 2787 3515 potui.
2863 3445 2992 3517 Reg.
3018 3445 3136 3500 Vat.
3164 3445 3201 3498 t.
3235 3446 3353 3510 147,
3387 3445 3501 3510 148,

524 3532 806 3588 214—218
847 3533 938 3599 (de
977 3531 1156 3600 Curia)
1197 3532 1508 3587 huiusmodi
1547 3533 1987 3588 constitutionem
2026 3548 2134 3588 non
2173 3533 2580 3604 amplectuntur.

648 3622 692 3690 2)
731 3622 860 3692 Reg.
897 3621 1073 3676 Aven.
1113 3622 1145 3676 l.
1185 3637 1229 3676 c.
1268 3622 1305 3675 t.
1343 3622 1414 3677 54
1451 3620 1541 3676 fol.
1586 3621 1686 3677 119
1724 3622 1886 3690 (1349
1926 3622 2068 3677 ,lunii
2113 3623 2196 3689 1.).

736 3710 793 3765 P.
830 3710 939 3765 VII.
979 3710 1052 3765 n⁰
1087 3711 1172 3765 28.

649 3800 693 3868 ³)
733 3800 766 3854 l.
808 3816 852 3855 c.
898 3798 975 3855 111.
1012 3816 1064 3870 p.
1107 3800 1221 3855 132.
1295 3800 1472 3855 Verba
1511 3802 1683 3871 ipsius
1719 3799 1998 3855 Pontificis
2035 3800 2105 3855 ad
2144 3816 2325 3872 regem
2364 3801 2595 3873 Angliae
2632 3804 2685 3856 in
2724 3817 2777 3872 p.
2814 3801 2849 3858 5
2888 3802 3049 3856 huius
3088 3801 3256 3856 libelli
3295 3802 3502 3872 prolata

528 3891 618 3944 hic
657 3905 767 3944 non
806 3891 933 3944 sunt
970 3889 1039 3944 ad
1078 3904 1205 3944 rem.

648 3978 695 4046 ⁴)
735 3978 890 4033 Vitae
926 3994 1185 4049 paparum
1223 3977 1689 4034 Avenionensium
1729 3980 1764 4044 1,
1801 3979 1924 4035 310.

649 4067 694 4135 ὃ)
735 4068 914 4122 Liceat
951 4069 1055 4122 hoc
1093 4068 1214 4122 loco
1253 4068 1426 4123 obiter
1474 4070 1679 4123 tantum
1727 4084 2147 4124 commemorare
2191 4071 2629 4124 constitutionem
2674 4069 2743 4124 de
2787 4070 3194 4140 pauperibus
3235 4069 3503 4125 clericis

524 4157 723 4211 editam
769 4155 1021 4218 ¹,Dudum
1060 4157 1227 4227 gratia
1266 4157 1501 4211 divina‘.
1578 4157 1727 4228 (Reg.
1777 4157 1897 4212 Vat.
1947 4159 1984 4212 t.
2035 4159 2140 4213 214
2201 4158 2292 4213 fol.
2360 4159 2424 4214 18
2485 4158 2556 4212 n⁰
2620 4158 2709 4223 15;
2772 4158 2985 4229 Deprez
3056 4159 3088 4213 l.
3160 4174 3205 4213 c.
3269 4158 3340 4213 n⁰
3406 4158 3503 4214 162

525 4275 595 4284 —
638 4245 772 4300 1342
808 4245 951 4316 Aug.
991 4245 1097 4313 23.)

737 4333 1125 4405 Adiunguntur
1160 4335 1392 4404 exempli
1431 4339 1599 4407 gratia
1637 4338 1796 4391 etiam
1838 4337 2065 4391 Litterae
2112 4336 2286 4391 dictae
2345 4336 2602 4401 ¹,Perinde
2639 4338 2845 4392 valere‘
2910 4340 3043 4392 circa
3083 4338 3500 4392 reservationem

529 4425 689 4478 vivae
725 4427 878 4478 vocis
916 4424 1132 4478 oraculo
1168 4439 1501 4480 concessam.
1577 4425 1735 4494 (Cod.
1776 4425 1835 4480 B.
1876 4426 1966 4481 fol.
2012 4426 2127 4481 114.
2167 4456 2234 4465 ——
2272 4426 2330 4481 P.
2369 4426 2478 4481 v11.
2517 4426 2587 4481 n⁰
2624 4427 2730 4494 29.)

652 4515 698 4573 ὃ)
738 4512 868 4583 Reg.
911 4513 1028 4567 Vat.
1068 4513 1105 4566 t.
1144 4514 1249 4568 214
1287 4512 1379 4582 (de
1418 4513 1601 4582 Curia)
1640 4514 1731 4569 fol.
1771 4515 1832 4569 21
1878 4515 1943 4569 t⁰
1979 4513 2049 4569 n⁰
2086 4515 2172 4570 23.
2246 4516 2446 4583 (,‚1nter
2483 4517 2657 4570 cetera
2696 4517 2908 4585 quae‘.)

748 4600 885 4656 Cod.
924 4600 989 4655 V.
1029 4600 1119 4656 fol.
1159 4602 1243 4656 90.

743 4688 881 4745 Cod.
920 4689 979 4745 Β.
1019 4689 1110 4745 fol.
1155 4691 1270 4745 121.

741 4779 798 4834 P.
837 4778 942 4834 vn.
983 4777 1053 4832 n⁰
1087 4779 1173 4834 30.

741 4866 953 4938 Deprez
992 4869 1024 4922 l.
1064 4883 1108 4921 c.
1147 4866 1219 4922 n⁰
1258 4869 1359 4924 170
1398 4868 1538 4936 (sine
1572 4870 1795 4940 verbis).

650 4957 694 5025 7)
734 4956 1008 5026 Respicias
1045 4956 1180 5011 facta
1220 4958 1347 5012 dicti
1384 4958 1641 5027 temporis
1697 4959 1828 5013 satis
1866 4959 2172 5014 turbulenta
2227 4962 2280 5013 et
2336 4962 2684 5030 sanguinosa,
2724 4975 2863 5030 quae
2899 4960 3201 5015 acciderant
3241 4963 3296 5015 in
3335 4977 3501 5032 regno

528 5048 809 5116 utriusque
846 5045 1073 5102 Siciliae.

851 5135 988 5190 1343
1025 5135 1209 5189 obitus
1246 5135 1460 5196 Roberti
1499 5139 1658 5208 regis.

852 5223 987 5279 1345
1023 5223 1273 5279 Andreae
1310 5228 1455 5297 regis
1493 5228 1710 5281 occisio.

528 5313 678 5384 Fuga
714 5312 996 5368 Johannae
1033 5316 1250 5385 reginae
1288 5314 1357 5370 ad
1396 5314 1595 5385 Papam
1633 5317 1734 5370 etc.
