3688 5825
1606 330 1689 392 93

165 540 235 603 ut
283 537 526 603 exinde
589 537 945 623 dispendia
995 537 1217 604 licium
1269 538 1437 603 inter
1484 553 1809 622 personas
1859 536 2338 602 ecclesiasticas
2401 535 2741 620 presertim
2795 533 3143 619 religiosas

159 645 377 710 valeat
424 644 675 710 evitari.
749 642 920 710 Cum
973 644 1218 729 itaque,
1268 645 1438 711 sicut
1478 644 1880 728 accepimus,
1915 661 1952 708 a
1986 642 2330 708 nonnullis
2366 642 2431 707 in
2467 641 2744 707 dubium
2783 643 3141 719 revocetur,

161 769 268 829 an,
320 754 653 817 reservato
699 770 814 836 per
847 770 972 818 nos
998 752 1045 836 ¹)
1096 752 1338 836 quovis
1387 751 1837 818 ecclesiastico
1888 749 2218 816 beneficio
2270 766 2386 833 per
2433 747 2768 833 regulares
2819 765 3143 832 personas

163 858 366 923 solito
415 858 790 943 gubernari,
856 858 1317 944 (intelligatur)
1352 859 1560 937 locuS‚
1613 876 1811 943 quem
1851 875 2138 943 persona
2174 855 2491 940 regularis
2528 855 2843 920 obtinens
2893 853 3141 920 dictum

162 965 565 1031 beneficium
662 966 946 1033 habebat
1024 966 1091 1031 in
1176 964 1454 1031 ecclesia
1546 983 1664 1032 seu
1744 963 2154 1031 monasterio
2239 965 2351 1029 aut
2434 961 2676 1047 quovis
2767 961 2898 1027 alio
2991 961 3141 1027 loco

161 1071 503 1156 religioso,
554 1072 620 1137 in
657 1089 793 1157 quo
826 1074 929 1138 est
958 1074 1174 1138 certus
1222 1090 1541 1138 numerus
1584 1089 2018 1158 personarum
2069 1068 2490 1155 regularium,
2539 1069 2887 1134 censeatur
2933 1066 3140 1133 eciam

161 1181 553 1244 reservatus.
647 1178 791 1245 Nos
869 1178 952 1245 ad
1048 1178 1436 1244 huiusmodi
1530 1178 1808 1246 dubium
1905 1195 2106 1262 super
2196 1176 2324 1242 hiis
2419 1173 2983 1242 summovendum
3079 1176 3143 1239 et

160 1285 514 1351 amfractus
541 1286 762 1352 licium
798 1285 1149 1352 evitandos
1176 1287 1559 1353 auctoritate
1594 1286 1965 1371 apostolica
1997 1288 2227 1351 tenore
2254 1283 2672 1369 presencium
2708 1281 3141 1361 declaramus,

161 1395 387 1458 nostre
462 1393 863 1460 intencionis
932 1393 1141 1459 fuisse
1190 1396 1254 1459 et
1302 1412 1472 1472 esse,
1544 1396 1616 1459 ut
1686 1392 2229 1478 quandocunque
2292 1390 2568 1476 aliquod
2619 1389 3138 1457 ecclesiasticum

159 1499 564 1566 beneficium
633 1499 951 1584 regulare,
1022 1500 1294 1565 eciamsi
1345 1500 1694 1585 prioratus,
1757 1499 2074 1585 dignitas,
2139 1501 2559 1585 personatus,
2622 1496 3139 1575 administracio,

158 1605 458 1672 officium
553 1607 655 1672 vel
751 1606 1040 1692 quodvis
1117 1606 1295 1672 aliud
1375 1607 1613 1673 existat
1691 1610 1756 1673 et
1849 1625 2254 1693 quocunque
2345 1605 2620 1672 nomine
2701 1607 3170 1689 nuncupetur,-

156 1716 556 1779 consuetum
626 1732 742 1798 per
789 1731 1113 1798 personas
1163 1714 1498 1799 regulares
1564 1714 2014 1793 ecclesiarum,
2087 1712 2664 1792 monasteriorum,
2728 1711 3139 1798 prioratuum

158 1820 603 1887 decanatuum
669 1824 735 1886 et
805 1820 1257 1906 quorumlibet
1341 1822 1619 1887 aliorum
1705 1821 2003 1888 locorum
2084 1820 2506 1906 regularium,
2585 1837 3140 1904 quorumcunque

156 1921 470 1993 ordinum
506 1926 719 2006 fuerit,
751 1928 1127 2012 gubernari,
1164 1928 1484 1995 hactenus
1519 1929 2002 1995 reservavimus
2042 1931 2156 1995 aut
2190 1927 2675 1994 reservabimus
2710 1927 2776 1993 in
2826 1926 3139 2005 futurum,

156 2034 367 2113 locuS,
434 2052 633 2118 quem
699 2052 986 2119 persona
1038 2022 1378 2120 regularis,
1449 2035 1696 2102 dictum
1747 2035 2149 2103 beneficium
2200 2035 2295 2101 sic
2341 2037 2742 2101 reservatum
2801 2034 3139 2112 obtinenS,

155 2141 450 2207 habebat
483 2159 600 2207 seu
636 2141 907 2208 habebit
940 2142 1005 2207 in
1041 2143 1338 2209 ecclesiis
1374 2143 1815 2222 monasteriiS,
1867 2143 2288 2228 prioratibuS,
2337 2141 2772 2209 decanatibus
2806 2159 2924 2208 seu
2975 2141 3140 2207 locis

155 2248 305 2314 aliis
379 2248 795 2333 regularibus
863 2249 966 2315 vel
1040 2267 1275 2315 eorum
1347 2250 1576 2335 aliquo
1649 2250 2068 2336 supradictis,
2142 2250 2208 2315 in
2258 2250 2505 2334 quibus
2553 2251 2768 2315 certus
2817 2248 3137 2315 dictarum

157 2373 599 2440 personarum
671 2356 1070 2440 regularium
1143 2376 1459 2423 numerus
1529 2360 1667 2423 erat
1713 2358 1820 2423 vel
1869 2358 1991 2423 erit
2037 2360 2337 2442 tempore
2385 2356 2862 2423 reservacionis
2911 2355 3137 2421 huius·

153 2461 341 2528 modi
392 2462 712 2528 canonice
763 2463 1122 2543 institutuS,
1173 2482 1256 2530 eo
1307 2464 1458 2549 ipso
1507 2467 1878 2531 reservatus
1926 2464 2163 2531 existat
2209 2467 2273 2530 et
2322 2482 2440 2549 pro
2491 2466 2821 2530 reservato
2871 2463 3138 2548 penitus

154 2569 497 2648 habeatur,
547 2588 622 2635 ac
669 2570 1145 2636 nichilominus
1196 2571 1445 2637 irritum
1498 2570 1920 2638 decernimus
1970 2574 2032 2637 et
2080 2572 2278 2638 inane
2326 2571 2382 2637 si
2433 2590 2626 2638 secus
2676 2588 2877 2656 super
2924 2570 3052 2636 hiis
3100 2588 3139 2636 a

154 2693 504 2760 quoquam
578 2676 814 2762 quavis
884 2678 1268 2744 auctoritate
1342 2678 1625 2745 scienter
1672 2679 1776 2744 vel
1827 2679 2210 2763 ignoranter
2257 2681 2715 2764 attemptatum
2765 2677 2988 2743 forsan
3038 2680 3139 2744 est

154 2782 480 2849 hactenus
528 2783 632 2849 vel
682 2783 747 2848 in
799 2787 1140 2869 posterum
1190 2784 1543 2870 contigerit
1590 2786 1984 2870 attemptari.
2078 2785 2258 2851 Nulli
2307 2804 2467 2871 ergo
2517 2789 2636 2852 etc.

372 2907 620 2974 Datum
669 2907 1000 2977 Avinione
1047 2909 1150 2976 Vl.
1203 2909 1352 2977 idus
1404 2908 1718 2978 Octobris
1738 2912 1789 2992 2)
1836 2931 1896 2977 a.
1947 2915 2204 2997 quarto,

277 3159 323 3226 ¹)
364 3157 502 3212 facta
541 3157 611 3212 de
651 3161 874 3228 quovis:
916 3159 981 3215 V.

280 3245 328 3316 ²)
368 3246 715 3317 pontificatus
752 3249 949 3303 nostri:
990 3248 1054 3304 V.

1579 3572 1704 3652 40.

163 3693 295 3748 1346
332 3692 535 3763 Aprilis
580 3694 657 3748 13.

154 3780 287 3837 Cod.
330 3781 390 3836 B.
432 3780 523 3836 fol.
569 3782 861 3838 118—119.

256 3962 715 4054 Declaracio,
777 3964 988 4066 quod
1046 3964 1206 4044 loca
1270 3966 1712 4070 regularium
1771 3969 2050 4045 certum
2113 3990 2505 4045 numerum
2564 3966 3010 4045 habencium

1203 4094 1632 4170 remaneant
1688 4095 2072 4170 reservata.

1064 4229 1188 4312 Ad
1243 4233 1560 4311 futuram
1622 4239 1719 4312 rei
1778 4239 2243 4313 memoriam.

390 4389 667 4457 Officii
719 4393 967 4459 nostri
1007 4392 1353 4458 debiturn
1390 4394 1710 4478 exposcit,
1745 4397 1816 4459 ut
1849 4394 1998 4473 hiis,
2035 4412 2163 4479 que
2191 4413 2227 4460 a
2262 4396 2460 4461 nobis
2487 4396 2872 4480 suppliciter
2905 4400 3134 4481 postu-

151 4497 384 4575 lantur,
468 4496 596 4562 illis
667 4499 1032 4582 presertim,
1113 4518 1231 4584 per
1300 4518 1431 4583 que
1504 4500 1673 4565 inter
1742 4520 2066 4585 personas
2139 4502 2594 4568 desiderantes
2652 4503 2779 4568 sub
2854 4503 3132 4588 regulari

150 4605 377 4671 habitu
474 4603 752 4670 domino
830 4605 1129 4672 famulari
1209 4606 1564 4691 dispendia
1645 4607 1869 4672 licium
1950 4610 2284 4692 precaveri
2364 4609 2598 4688 valeat,
2689 4609 3138 4676 favorabiliter

149 4728 547 4777 annuamus.
671 4711 944 4777 Dudum
1026 4714 1357 4798 siquidem
1445 4733 1525 4780 ex
1616 4715 1808 4781 certis
1900 4716 2123 4781 causis
2201 4716 2539 4782 voluimus
2619 4720 2682 4782 et
2759 4717 3131 4802 apostolica

156 4816 543 4884 auctoritate
637 4837 754 4903 per
801 4822 1061 4885 nostras
1132 4823 1286 4888 certi
1358 4823 1609 4889 tenoris
1681 4823 1928 4889 litteras
2000 4822 2310 4889 duximus
2360 4823 2848 4903 declarandum,
2928 4824 3132 4909 quod,

149 4925 666 5009 quibuscunque
702 4928 1275 4995 reservacionibus
1311 4929 1715 5014 specialibus
1765 4929 1849 4995 de
1898 4931 2092 4996 certis
2126 4931 2631 4997 canonicatibus
2665 4933 2727 4997 et
2769 4932 3133 5017 prebendis

148 5030 563 5115 singularum
614 5035 677 5097 et
710 5034 1032 5099 certarum
1084 5054 1520 5120 personarum
1572 5037 1636 5101 in
1685 5035 2176 5102 cathedralibus
2226 5037 2328 5103 vel
2376 5037 2747 5122 collegiatis
2802 5038 3131 5117 ecclesiis,

150 5138 666 5222 quibuscunque
716 5157 833 5205 seu
885 5139 967 5206 de
1018 5144 1209 5209 certis
1259 5143 1605 5209 beneficiis
1639 5143 2103 5210 ecclesiasticis
2139 5161 2574 5229 personarum
2609 5149 2930 5211 certarum
2980 5164 3127 5212 cum

148 5263 298 5310 cura
343 5243 449 5309 vel
522 5244 667 5310 sine
715 5264 866 5313 cura
912 5249 1070 5331 [per
1098 5267 1226 5315 nos
1260 5251 1420 5316 tanc
1437 5248 1658 5335 sactis
1689 5252 1816 5316 aut
1848 5253 1917 5315 in
1940 5252 2292 5335 posteram
2313 5250 2665 5337 faciendis
2696 5270 3130 5337 nequaquam

153 5349 611 5424 obstantibus,
657 5355 1094 5438 expectantes
1129 5409 1142 5421 .
1181 5408 1194 5422 .
1233 5409 1246 5421 .
1282 5354 1364 5441 cs.
1400 5357 1486 5422 n0
1514 5356 1633 5444 38]
1683 5360 2027 5443 presentes
2063 5358 2303 5443 pariter
2335 5362 2399 5425 et
2432 5359 2648 5438 futuri,
2698 5360 3131 5427 canonicatus
