3688 5825
1659 297 1743 357 95

199 500 659 589 proveysionis
707 502 1005 568 remedio
1041 521 1241 588 super
1274 502 1402 569 hiis
1437 503 1771 571 humiliter
1815 502 2270 592 simplorum),
2320 523 2446 571 nos
2495 505 2931 586 attendentes,
2982 505 3188 591 quod,

209 611 571 693 antequam
646 609 855 675 littere
926 613 1150 676 nostre
1213 660 1227 676 .
1281 661 1294 675 .
1347 661 1360 676 .
1434 610 1876 677 coniiciuntur
1941 629 2142 696 super
2218 610 2606 677 huiusmodi
2687 612 3189 696 provisionibus

210 716 654 803 expediantur
731 720 794 782 et
858 717 1198 783 mittantur
1274 717 1356 783 ad
1436 718 1683 785 bullam
1765 737 1884 804 per
1954 718 2421 784 fidelem...
2495 720 2561 783 et
2638 717 3188 786 informacionem

210 826 657 908 regestrorum
705 823 1069 890 eorundem
1122 823 1674 909 predecessorum
1722 826 1797 891 fit
1842 825 2014 892 fides
2064 825 2360 911 plenaria
2409 824 2492 891 de
2543 824 3030 911 reservaclione
3074 827 3192 911 ac]

209 930 476 998 decreto
504 930 835 1017 predictiS,
862 932 1343 1018 cupientesque
1371 933 1731 999 maliciosis
1759 933 1824 998 in
1854 933 1975 999 hac
2002 935 2183 1017 parte
2210 932 2619 1018 litigancium
2646 932 3189 1001 cavillacionibus

209 1040 274 1103 et
323 1038 421 1104 liti
472 1090 486 1103 .
539 1090 553 1103 .
607 1090 620 1105 .
669 1039 918 1117 tilibus,
967 1039 1388 1119 anfractibuS,
1461 1040 1708 1125 quibus
1778 1039 2157 1125 frequenter
2231 1038 2589 1105 retardatur
2657 1038 2761 1104 vel
2834 1039 3192 1125 impeditur

209 1145 493 1225 iusticia,
543 1149 866 1231 quantum
916 1164 1066 1213 cum
1113 1145 1306 1232 [Deo
1351 1146 1514 1233 est),
1565 1147 1857 1226 obviare,
1905 1147 2239 1226 volumuS,
2289 1145 2643 1212 statuimus
2691 1148 2756 1211 et
2804 1147 3188 1213 auctoritate

210 1252 584 1337 apostolica
632 1251 1072 1332 decernimuS,
1119 1253 1344 1320 litteris
1394 1254 1641 1320 nostris
1691 1272 1893 1339 super
1940 1252 2483 1340 provislionibas
2528 1251 2826 1341 eisdem]
2870 1253 3188 1320 coniectis

210 1359 735 1426 reservacionem
787 1378 862 1427 ac
908 1359 1240 1426 decretum
1301 1360 1708 1440 huiusmodi,
1767 1379 1968 1446 super
2016 1361 2262 1445 quibus
2310 1360 2530 1445 gracia
2580 1361 2807 1426 nostra
2854 1359 3185 1440 fundatur,

210 1466 630 1533 narrantibus
705 1517 718 1531 .
771 1517 784 1531 .
837 1519 849 1531 .
925 1485 1127 1552 super
1197 1468 1293 1533 eis
1364 1466 1567 1534 iidem
1640 1467 2004 1553 plenariam
2078 1468 2335 1554 absque
2412 1467 2681 1534 alterius
2761 1467 3188 1551 probacionis

207 1572 620 1639 adminiculo
681 1574 746 1639 in
811 1573 1073 1641 iudiciis
1120 1573 1280 1660 [vel
1321 1576 1519 1641 extra
1567 1573 1755 1660 esse]
1801 1574 2251 1642 adhibendam
2318 1592 2393 1641 ac
2457 1574 2512 1640 si
2578 1573 2819 1639 factum
2884 1576 3185 1640 nostrum

209 1680 556 1765 proprium
628 1680 852 1765 quoad
925 1682 1447 1748 reservacionem
1520 1685 1585 1748 et
1652 1681 1987 1749 decretum
2061 1681 2353 1767 predicta
2417 1681 2486 1747 in
2549 1678 2850 1765 elisdem
2907 1679 3187 1768 litteris]

208 1790 605 1867 narraretur;
665 1787 786 1853 hec
833 1806 969 1854 non
1021 1789 1240 1855 solum
1290 1788 1373 1854 ad
1423 1789 1765 1874 presencia
1812 1792 1878 1855 et
1923 1788 2159 1869 futura,
2209 1788 2326 1855 sed
2376 1785 2633 1873 ecilam
2679 1785 2774 1852 ad
2812 1787 3187 1874 preterita]

206 1894 649 1961 extendenda.
743 1894 923 1960 Nulli
971 1913 1132 1980 ergo
1182 1898 1302 1961 etc.

423 2000 670 2067 Datum
726 2001 905 2086 apud
959 2001 1199 2068 Villam
1233 2001 1495 2069 Novam
1531 2001 2011 2069 Avinionensis
2066 2001 2356 2070 diocesis
2407 2002 2474 2069 11.
2519 2020 2676 2068 non.
2725 1998 2798 2087 [Ρ]
2834 2021 2892 2069 a.
2929 2002 3186 2087 quinto.

1660 2303 1785 2383 42.

209 2423 345 2479 1347
385 2424 510 2480 Oct.
548 2423 600 2480 5.

204 2513 337 2585 Reg.
376 2513 497 2569 Vat.
538 2515 575 2569 t.
618 2515 711 2569 141
754 2513 824 2569 n⁰
864 2515 1015 2572 1436.

1106 2695 1230 2777 Ad
1286 2699 1606 2777 futuram
1666 2703 1765 2776 rei
1824 2703 2286 2776 memoriam.

426 2855 598 2924 Cum
672 2857 840 2924 sicut
910 2858 1265 2925 multorum
1336 2859 1627 2926 assercio
1699 2860 1998 2926 nostrum
2068 2859 2445 2946 frequenter
2514 2857 2804 2945 pulsavit
2863 2857 3185 2937 auditum,

209 2965 519 3031 nonnulli
591 2968 724 3031 tarn
798 2966 864 3032 in
937 2967 1208 3052 speciali
1280 2985 1481 3053 quam
1551 2967 1617 3032 in
1666 2967 2009 3032 communi
2081 2984 2449 3052 pauperum
2521 2966 2731 3032 torma
2802 2966 3185 3031 auctoritate

208 3072 571 3138 litterarum
665 3074 1037 3138 nostrarum
1130 3072 1454 3139 beneficia
1543 3074 1987 3140 ecclesiastica
2068 3074 2133 3138 in
2213 3072 2495 3138 diversis
2575 3071 2806 3138 mundi
2888 3071 3186 3156 partibus

209 3181 666 3263 expectantes,
771 3181 1041 3263 propter
1141 3180 1631 3246 reservaciones
1724 3180 1807 3246 de
1901 3180 2245 3246 beneficiis
2338 3178 2543 3246 iactas
2635 3178 3023 3245 huiusmodi
3119 3179 3186 3245 in

209 3286 645 3352 assecucione
694 3285 1190 3364 beneficiorum,
1255 3305 1384 3371 que
1447 3288 1611 3354 alias
1660 3288 1848 3373 ipsiS,
1898 3287 2025 3353 nisi
2075 3287 2173 3353 eis
2223 3286 2717 3353 reservaciones
2767 3286 3188 3353 obstitissent

209 3391 622 3471 huiusmodi,
686 3391 1118 3471 debebantur,
1182 3393 1423 3460 fuerint
1486 3384 1809 3480 impediti.
1888 3394 2032 3461 Nos
2093 3394 2599 3479 expectantibus
2648 3393 2836 3478 ipsiS,
2886 3393 3186 3478 benigno

209 3500 709 3585 compacientes
760 3498 1017 3578 affectu,
1089 3501 1400 3566 volumus
1472 3504 1535 3567 et
1604 3503 1987 3568 auctoritate
2036 3501 2406 3586 apostolica
2477 3499 2895 3584 presencium
2959 3502 3187 3566 tenore

210 3605 666 3684 decernimus,
748 3606 930 3690 quod
1008 3609 1141 3672 tam
1223 3607 1351 3692 ipsi
1432 3626 1632 3692 quam
1712 3609 1961 3694 posteri
2042 3607 2419 3693 prebendas
2499 3607 2565 3673 in
2646 3607 3186 3692 quibuscumque

209 3713 584 3798 collegiatis
655 3713 953 3780 ecclesiis
1024 3733 1100 3779 ac
1169 3714 1295 3780 alia
1366 3716 1691 3783 beneficia
1762 3715 2204 3782 ecclesiastica
2274 3731 2424 3779 curn
2497 3731 2649 3779 cura
2716 3717 2781 3779 et
2842 3713 2987 3779 sine
3034 3732 3185 3780 cura

211 3821 494 3886 ubilibet
570 3823 993 3905 expectantes
1073 3821 1348 3906 perinde
1427 3841 1640 3907 usque
1720 3822 1802 3888 ad
1875 3840 2081 3888 unum
2159 3839 2432 3899 annum,
2513 3839 2550 3886 a
2628 3819 2780 3886 data
2859 3821 3187 3905 presentis

208 3928 719 3995 constitucionis
770 3930 992 3993 nostre
1040 3928 1107 3993 in
1152 3931 1343 3995 antea
1392 3929 1941 4014 computandum,
1992 3929 2378 3994 huiusmodi
2414 3926 2790 4012 prebendas
2824 3927 3185 3994 earundem

210 4036 638 4104 ecclesiarum
715 4037 779 4100 et
855 4034 1179 4101 beneficia
1259 4037 1404 4121 ipsa
1481 4055 1630 4102 cum
1707 4055 1860 4103 cura
1937 4036 2042 4102 vel
2121 4037 2266 4102 sine
2345 4054 2518 4114 cura,
2601 4052 2880 4120 quorum
2963 4037 3186 4101 tamen

209 4142 690 4211 beneficiorum
739 4142 1005 4221 tructus,
1076 4142 1372 4208 redditus
1435 4146 1500 4209 et
1547 4146 1930 4228 proventuS,
1980 4143 2037 4209 si
2085 4161 2233 4209 cum
2283 4160 2434 4208 cura
2485 4142 2852 4227 sexaginta,
2926 4141 2980 4206 si
3030 4159 3186 4207 vero

209 4252 355 4317 sine
405 4267 560 4316 cura
607 4248 799 4314 fuerit
847 4248 1286 4333 quadraginta
1330 4250 1637 4316 librarum
1674 4250 2009 4316 Turonen.
2061 4268 2317 4336 parvor.
2369 4248 2738 4315 secundum
2771 4248 3186 4314 taxacionem

208 4358 469 4424 decime
536 4356 825 4422 valorem
894 4374 1189 4422 annuum
1241 4376 1376 4423 non
1427 4358 1770 4437 excedant,
1842 4358 1898 4423 si
1966 4376 2098 4442 qua
2145 4358 2379 4422 vacant
2426 4355 2510 4422 ad
2562 4372 2838 4441 presens
2886 4354 2989 4420 vel
3037 4372 3186 4420 cum

206 4464 605 4542 vacaverint,
654 4464 818 4529 alias
888 4466 1109 4529 tamen
1182 4463 1279 4529 eis
1349 4466 1581 4549 vigore
1652 4465 1970 4531 dictarum
2024 4465 2381 4530 litterarum
2432 4461 2677 4541 debita,
2727 4464 3065 4546 acceptare
3114 4479 3189 4527 ac

208 4574 617 4648 executores,
676 4570 757 4635 ad
837 4571 1306 4637 execucionem
1384 4571 1822 4656 predictarum
1883 4572 2240 4637 litterarum
2321 4571 2418 4636 eis
2498 4569 2817 4654 deputati,
2896 4568 2978 4633 de
3059 4568 3189 4634 illis

208 4678 560 4764 providere
610 4677 774 4762 ipsis
808 4695 883 4743 ac
916 4677 998 4742 ad
1035 4677 1409 4776 ulteriorem
1445 4681 1917 4746 execucionem
1953 4678 2312 4744 litterarum
2349 4677 2789 4763 predictarum
2825 4674 3190 4760 procedere

209 4786 387 4852 iuxta
483 4802 705 4850 earum
799 4784 1077 4850 formam
1172 4785 1375 4852 libere
1454 4786 1740 4854 valeant.
1879 4786 2033 4851 Non
2128 4783 2557 4851 obstantibus
2651 4782 3191 4866 quibuscumque

209 4891 782 4959 reservacionibus
832 4891 1234 4976 specialibus
1284 4891 1366 4957 de
1418 4893 1777 4978 prebendis
1827 4911 1902 4959 ac
1950 4891 2296 4958 beneficiis
2346 4890 2512 4975 ipsis
2563 4908 2679 4975 per
2726 4906 2853 4954 nos
2899 4887 3087 4954 iactis
3128 4893 3192 4954 et

210 5001 274 5066 in
323 5002 519 5066 antea
589 4998 929 5076 iaciendiS‚
1003 5016 1078 5064 ac
1146 5000 1199 5065 si
1273 4998 1355 5064 de
1428 5000 1790 5085 prebendis
1863 5003 1924 5066 et
1994 4997 2342 5065 beneficiis
2406 4997 2573 5082 ipsis
2635 4996 2816 5061 nulla
2879 4994 3190 5079 specialis

210 5095 577 5173 reservacio
648 5104 813 5171 iacta
883 5103 1066 5171 foret.
1175 5105 1415 5172 Nostre
1487 5110 1711 5173 tamen
1781 5105 2180 5172 intencionis
2229 5104 2471 5184 existit,
2543 5102 2726 5189 quod
2775 5101 3079 5167 voluntas
3129 5105 3192 5167 et

208 5212 732 5281 constituciones
799 5214 1023 5276 nostre
1088 5211 1474 5278 huiusmodi
1526 5212 1608 5278 ad
1661 5212 2037 5299 prebendas
2086 5214 2151 5278 et
2197 5210 2524 5277 beneficia
2574 5206 2986 5285 huiusmodi,
3058 5225 3189 5292 que

210 5324 359 5388 ante
409 5315 796 5386 hodiernam
833 5317 1009 5383 diem
1046 5324 1462 5400 vacaverunt,
1513 5338 1926 5406 quamquam
1970 5319 2054 5385 de
2089 5319 2216 5384 illis
2253 5317 2556 5384 nondum
2593 5317 2786 5382 fuerit
2812 5313 3189 5381 ordinatum
