3688 5825
1639 311 1720 369 37

195 514 768 583 cathedralium
827 534 1138 583 necnon
1199 518 1865 584 monasteriorum
1926 517 2464 602 quorumlibet
2511 520 3052 603 exemptorum
3103 520 3177 584 et

197 641 351 689 non
381 625 953 708 exemptorum,
991 624 1450 708 praeterquam
1484 625 1878 690 monialium
1911 626 1974 690 et
1999 624 2278 691 aliorum
2312 624 2768 710 religiosarum
2803 626 3175 704 mulierum,

196 729 277 796 ad
326 747 649 815 praesens
696 730 1068 797 vacantium
1118 732 1180 796 et
1228 730 1293 795 in
1345 733 1538 797 antea
1584 733 2066 797 vacaturorum.

403 835 666 903 Deinde
726 836 833 903 die
889 836 952 902 5.
1010 836 1170 902 Maii
1232 836 1459 922 13431)
1522 839 1790 922 propter
1856 840 2188 914 „statum
2263 839 2797 905 miserabilem
2863 839 3174 906 insulae

196 942 568 1010 Siciliae“
609 944 1085 1010 nonnullorum
1121 942 1711 1029 praedecessorum
1750 962 2024 1011 suorum
2062 944 2363 1030 vestigiis
2397 945 2748 1013 inhaerens
2784 947 2943 1032 quin
2977 947 3174 1013 etiam

195 1051 470 1136 longius
488 1052 555 1116 in
582 1049 704 1117 hac
721 1053 901 1135 parte
922 1050 1381 1136 progrediens,
1401 1051 1824 1135 provisiones
1851 1070 1988 1118 non
2018 1051 2225 1118 modo
2254 1052 2677 1119 ecclesiarum
2704 1053 3173 1120 cathedralium

195 1156 310 1224 sed
408 1157 606 1223 etiam
714 1157 1415 1243 collegiatarum,
1525 1157 1969 1237 abbatiarum,
2078 1159 2673 1239 monasteriorum,
2768 1162 3172 1245 prioratuum

193 1264 733 1332 conventualium
783 1264 1182 1349 regularium
1234 1266 1297 1330 et
1352 1264 1810 1343 saecularium,
1871 1267 2331 1350 exemptorum
2395 1268 2457 1332 et
2514 1284 2650 1332 non
2711 1270 3174 1352 exemptorum

195 1389 374 1438 nunc
429 1373 803 1439 vacantium
849 1373 912 1437 et
960 1371 1025 1436 in
1074 1373 1268 1437 antea
1322 1374 1777 1438 vacaturorum
1829 1372 1995 1437 infra
2042 1371 2282 1438 dictam
2329 1373 2613 1439 insulam
2663 1374 3172 1441 consistentium

194 1479 257 1543 in
316 1479 566 1563 quovis
612 1477 975 1545 vacationis
1021 1495 1178 1544 casu
1228 1477 1311 1543 ad
1359 1477 1769 1544 biennium
1819 1498 1856 1545 a
1904 1478 2010 1545 die
2072 1479 2125 1543 1.
2181 1479 2360 1545 Junii
2418 1497 2474 1545 e.
2534 1499 2590 1546 a.
2645 1479 3173 1565 computandum

193 1584 403 1651 modo
463 1584 800 1670 praedicto
858 1584 1233 1651 reservavit.
1328 1583 1480 1666 Qua
1531 1585 1598 1650 in
1672 1586 2116 1652 reservatione
2164 1583 2481 1652 Clemens
2527 1585 2629 1652 VI.
2703 1589 3022 1672 provocat
3092 1586 3174 1652 ad

194 1691 634 1758 Benedictum
728 1691 1033 1758 ultimum
1130 1709 1325 1758 suum
1421 1690 2042 1776 praedecessorem,
2137 1693 2251 1777 qui
2343 1693 2731 1760 huiusmodi
2839 1693 3172 1761 decretum

195 1798 841 1865 administrationem
893 1798 1221 1883 praefatae
1269 1798 1527 1865 insulae
1575 1817 1987 1866 concernens
2037 1799 2240 1866 edidit
2296 1799 2404 1866 die
2467 1801 2522 1865 1.
2577 1800 2758 1867 Junii
2814 1801 2971 1866 1341
3029 1800 3067 1865 i.
3118 1818 3172 1866 e.

195 1906 375 1972 brevi
438 1909 599 1972 tunc
663 1905 1162 1990 exspiraturum.
1270 1905 1545 1991 Insuper
1592 1906 1963 1972 notandum
2022 1909 2141 1984 est,
2186 1906 2252 1972 in
2317 1906 2648 1992 praedicta
2698 1908 3174 1974 constitutione

195 2011 619 2079 Clementina
692 2012 1011 2081 contineri
1088 2012 1490 2091 clausulam,
1580 2012 1765 2097 quod
1844 2013 1991 2097 ipsa
2084 2011 2165 2078 ad
2264 2014 2670 2080 monasteria
2760 2014 3174 2092 monialium,

194 2119 654 2205 religiosarum
719 2119 1091 2198 mulierum,
1156 2136 1418 2186 necnon
1467 2118 1551 2184 ad
1611 2118 1928 2187 ecclesias
1975 2119 2080 2185 vel
2129 2120 2456 2204 prioratus
2505 2138 2643 2186 non
2698 2120 3174 2187 conventuales

196 2243 311 2291 seu
393 2243 680 2311 quorum
758 2225 1006 2292 fructus
1078 2225 1281 2291 annui
1361 2244 1692 2292 summam
1773 2226 2260 2311 quinquaginta
2336 2226 2743 2293 florenorum
2824 2226 2963 2291 auri
3035 2244 3173 2293 non

197 2330 530 2399 excedunt
578 2332 853 2398 minime
901 2332 1119 2417 possit
1166 2331 1454 2398 extendi.
2423 2400 2433 2414 ,

406 2438 637 2517 Porro,
666 2457 816 2505 cum
852 2439 1081 2505 ultima
1107 2439 1464 2505 reservatio
1498 2439 1564 2504 in
1600 2439 1786 2505 terris
1834 2438 2243 2506 Ecclesiae
2286 2438 2689 2512 Romanae
2733 2440 3049 2506 subiectis
3084 2458 3173 2507 sc.

196 2564 232 2612 a
279 2545 647 2612 Benedicto
694 2545 822 2611 XII.
858 2544 965 2612 die
1006 2547 1060 2611 1.
1093 2546 1274 2613 Junii
1315 2546 1482 2613 1343
1515 2546 1685 2613 facta
1717 2548 1897 2612 esset
1927 2546 2355 2631 exspiratura,
2404 2545 2722 2613 Clemens
2752 2545 2854 2611 Vl.
2890 2545 3173 2613 eandem

196 2653 321 2719 sub
393 2652 603 2719 modo
673 2654 737 2719 et
805 2652 1018 2718 forma
1089 2652 1438 2737 praedictis
1518 2670 1635 2737 per
1712 2652 2287 2731 constitutionem,
2365 2672 2537 2738 quae
2610 2653 2837 2738 incipit
2923 2654 3176 2730 „Inter

197 2758 801 2826 sollicitudines
848 2758 1219 2844 varias“²)
1267 2758 1377 2825 die
1425 2758 1486 2825 5.
1536 2758 1723 2824 Maii
1781 2758 1950 2825 1343
1999 2760 2402 2845 prorogavit.

408 2865 667 2933 Eodem
718 2866 925 2933 modo
973 2864 1305 2935 decretum
1357 2866 1457 2932 sui
1509 2864 2045 2952 praedecessoris
2092 2867 2261 2934 circa
2298 2866 2718 2934 affectionem
2753 2866 3172 2953 dignitatum,

196 2974 746 3059 praebendarum,
773 2974 1197 3042 ecclesiarum
1226 2974 1644 3058 aliorumque
1671 2973 2151 3041 beneficiorum
2179 2975 2552 3040 vacantium
2579 2975 2684 3041 vel
2714 2978 3172 3042 vacaturorum

196 3099 313 3166 per
357 3082 852 3148 assecutionem
903 3082 1181 3148 aliorum
1229 3080 1711 3147 beneficiorum
1763 3081 2145 3148 auctoritate
2178 3079 2566 3166 Apostolica
2598 3082 2987 3148 collatorum
3021 3100 3171 3149 cum

197 3187 505 3254 adiuncta
583 3188 1025 3255 declaratione
1106 3187 1282 3253 idem
1355 3186 1673 3254 Clemens
1720 3186 1822 3252 Vl.
1904 3187 2012 3253 die
2081 3187 2188 3253 22.
2254 3186 2433 3272 Sept.
2507 3187 2674 3254 1343
2752 3189 3173 3275 renovavit-⁹³)

409 3294 667 3361 Diebus
729 3313 886 3362 vero
957 3294 1054 3361 13.
1120 3298 1185 3360 et
1246 3294 1345 3359 14.
1386 3294 1576 3360 Febr.
1620 3294 1786 3359 1344
1853 3295 1936 3360 ab
1985 3293 2226 3360 eodem
2277 3292 2583 3367 Romano
2631 3293 2954 3361 pontifice
3002 3294 3174 3362 duae

197 3401 570 3486 publicatae
618 3405 773 3468 sunt
819 3401 1333 3469 constitutiones
1382 3399 1558 3466 haud
1610 3401 1792 3485 parvi
1843 3401 2165 3466 momenti
2215 3418 2303 3467 sc.
2341 3400 2407 3466 in
2458 3401 2688 3487 prima,
2739 3418 2913 3486 quae
2947 3401 3175 3486 incipit

204 3506 501 3593 „Super
546 3508 1115 3594 universas“4),
1166 3511 1322 3593 post
1356 3507 1796 3573 narrationem
1832 3506 1917 3572 de
1952 3508 2510 3574 reservationibus
2543 3508 3056 3592 generalibus
3105 3509 3172 3573 in

197 3614 742 3698 patriarchatibus
790 3616 853 3680 et
900 3615 1263 3699 provinciis
1311 3614 1580 3679 ltaliae
1631 3632 1667 3679 a
1707 3613 2018 3679 Johanne
2049 3613 2235 3679 XXII.
2285 3616 2348 3679 et
2395 3613 2755 3681 Benedicto
2788 3614 2915 3679 Xll.
2965 3614 3171 3693 factiS,

196 3720 540 3787 discutitur
594 3721 921 3805 quaestio,
986 3739 1069 3786 an
1127 3719 1499 3805 praedictae
1557 3721 2042 3786 reservationes
2096 3720 2445 3804 generales
2493 3738 2745 3804 usque
2793 3719 2883 3786 ad
2934 3721 3170 3786 bene-

197 3827 579 3911 placitum
630 3826 861 3893 Sedis
906 3826 1426 3912 Apostolicae
1461 3844 1578 3911 per
1607 3826 1988 3892 Johannem
2022 3825 2207 3891 XXII.
2241 3825 2449 3892 factae
2482 3844 2599 3911 per
2631 3826 2794 3892 alias
2827 3827 3172 3893 biennales

197 3936 258 3999 et
303 3933 708 4019 temporales
742 3934 1227 4000 reservationes
1273 3933 1515 3999 fuerint
1562 3934 1904 3999 revocatae
1937 3970 2024 3979 —
2057 3931 2141 3998 de
2189 3950 2322 4016 qua
2369 3933 2540 3999 thesi
2589 3931 2867 3999 diversis
2914 3932 3172 3999 vicibus

196 4057 419 4106 coram
490 4040 643 4124 ipso
690 4039 1017 4106 Pontifice
1078 4040 1201 4106 fuit
1260 4039 1690 4124 disputatum.
1795 4037 2047 4104 Eadem
2109 4037 2215 4105 die
2276 4057 2364 4105 sc.
2437 4039 2534 4104 13.
2572 4038 2759 4105 Febr.
2811 4057 2867 4105 e.
2918 4058 2974 4104 a.
3027 4039 3171 4124 ipse

198 4145 506 4214 Pontifex
584 4148 947 4234 praefatum
1028 4147 1305 4213 dubium
1393 4147 1707 4223 „minime
1785 4145 2224 4213 declarando“
2292 4182 2376 4191 —
2437 4148 2631 4223 certe,
2711 4144 2895 4229 quod
2983 4146 3170 4211 firma

323 4290 369 4356 ι)
408 4289 538 4360 Reg.
578 4289 697 4344 Vat.
738 4288 770 4343 l.
811 4304 855 4343 c.
894 4288 986 4343 fol.
1030 4287 1179 4343 1810
1214 4287 1287 4341 n⁰
1329 4286 1408 4342 16.
1485 4287 1686 4354 („Dum
1726 4288 1924 4341 statum
1963 4286 2395 4353 miserabilem.·)

417 4376 499 4432 Cf.
540 4376 755 4447 Deprez
794 4378 827 4432 l.
867 4392 910 4432 c.
950 4375 1021 4431 n⁰
1064 4378 1161 4431 174
1201 4379 1338 4443 (sine
1376 4376 1593 4444 verbis).

408 4466 464 4521 P.
504 4465 608 4520 VII.
648 4465 723 4520 n⁰
757 4466 843 4521 31.

410 4555 596 4626 Magn.
636 4554 773 4609 Bull.
814 4554 963 4615 Rom.
1004 4554 1036 4609 l.
1076 4570 1120 4608 c.
1159 4569 1211 4623 p.
1250 4554 1355 4608 467
1394 4569 1475 4623 sq.
1552 4554 1713 4621 (Extr.
1753 4553 1899 4623 apud
1938 4551 2195 4623 Raynald.
2235 4551 2303 4606 ad
2341 4567 2540 4606 annum
2586 4551 2718 4606 1343
2755 4552 2791 4620 §
2828 4552 2934 4619 83.)

322 4642 368 4712 ¹)
406 4643 535 4715 Reg.
573 4643 693 4698 Vat.
732 4643 765 4697 l.
806 4659 850 4697 c.
889 4642 980 4698 fol.
1024 4642 1087 4698 19
1126 4641 1196 4696 n⁰
1238 4642 1317 4696 17.

413 4731 552 4788 Cod.
591 4731 650 4786 Β.
690 4731 780 4786 fol.
825 4731 940 4786 131.

409 4819 546 4876 Cod.
584 4821 650 4876 V.
687 4819 853 4877 9310.

411 4910 623 4980 Deprez
662 4909 694 4964 l.
734 4925 778 4964 c.
818 4908 895 4964 n⁰
935 4908 1035 4964 173
1074 4910 1212 4976 (sine
1249 4908 1471 4975 verbis).

418 4999 553 5054 1343
592 4997 725 5052 Cola
765 4999 818 5052 di
858 4998 1040 5058 Rienzi
1080 4998 1292 5068 legatus
1328 4996 1668 5051 Avenlonem
1707 4999 1858 5051 venit
1895 4997 2095 5066 Papam
2134 4995 2451 5049 invitaturus
2489 4993 2558 5047 ad
2597 4994 2842 5048 reditum.

324 5087 369 5155 ⁸)
409 5086 543 5143 Cod.
584 5087 643 5142 B.
683 5086 773 5141 fol.
819 5086 1110 5142 132—133.
1186 5085 1323 5141 Cod.
1365 5086 1428 5139 V.
1468 5084 1558 5140 fol.
1597 5085 1763 5141 9310.
1841 5085 2118 5153 (,Dudum
2158 5099 2258 5138 nos
2296 5084 2524 5150 certisf)

323 5176 371 5243 ⁴)
410 5175 544 5231 Cod.
585 5175 644 5230 B.
684 5175 775 5229 fol.
820 5175 1113 5230 124—127.

412 5263 549 5320 Cod.
587 5264 653 5319 V.
693 5264 783 5318 fol.
822 5264 908 5320 91.

408 5354 465 5409 P.
502 5353 612 5408 V11.
653 5352 723 5407 1ιο
759 5352 845 5408 32.
