3688 5825
1671 317 1715 375 9

194 525 742 610 designationem
793 541 1227 610 personarum
1277 523 1521 589 directe
1569 542 1606 588 a
1664 522 1945 589 Summo
1993 521 2317 588 Pontifice
2387 521 2625 588 factam
2697 522 2951 607 optime
3022 521 3182 587 unio

197 633 654 698 membrorum
727 630 1062 697 Ecclesiae
1132 649 1279 697 cum
1354 648 1479 696 suo
1557 631 1772 715 capite
1846 628 2349 714 significabatur
2417 631 2482 693 et
2551 646 2939 713 supremum
3019 627 3182 694 illud

194 739 298 804 ius
348 739 664 823 primatui
715 756 1047 803 annexum
1098 736 1506 823 disponendi
1555 736 1639 802 de
1672 737 1993 802 omnibus
2042 735 2389 801 beneficiis
2431 735 2898 801 ecclesiasticis
2948 736 3179 800 saltem

194 845 259 909 in
289 844 703 929 quibusdam
731 845 1158 910 exercebatur
1181 843 1468 910 casibus,
1519 841 1782 908 Deinde
1802 846 2060 928 praeter
2077 840 2629 914 Reservationum
2647 838 3181 926 Apostolicarum

192 969 435 1017 causas
516 952 601 1017 ab
681 951 846 1036 ipsis
916 950 1353 1035 canonistis1)
1432 950 1877 1015 communiter
1940 948 2194 1027 allataS,
2267 950 2442 1014 certe
2513 963 2651 1012 non
2723 946 2960 1013 ultimo
3032 947 3183 1012 loco

193 1056 656 1142 respiciendae
705 1059 894 1123 erunt
942 1058 1253 1136 rationeS,
1302 1059 1373 1122 ut
1421 1057 1509 1123 ita
1558 1055 1796 1136 dicam,
1861 1055 2316 1141 politicae,
2384 1072 2558 1139 quae
2608 1050 3004 1120 turbulentis
3055 1053 3184 1119 illis

193 1165 618 1249 temporibus
665 1164 749 1230 ad
798 1164 1208 1250 spiritualem
1260 1167 1324 1229 et
1370 1163 1804 1248 temporalem
1858 1163 2256 1248 potestatem
2292 1161 2746 1235 Romanorum
2782 1159 3181 1225 Pontificum

193 1271 694 1337 defendendam
729 1289 1240 1356 nonnumquam
1276 1270 1790 1337 reservationem
1826 1269 2305 1336 beneficiorum
2335 1269 2763 1355 potissimum
2799 1266 3181 1332 maiorum

195 1377 390 1461 quasi
483 1378 860 1443 necessario
948 1377 1285 1461 postulare
1369 1377 1782 1443 videbantur.
1879 1375 1957 1441 Et
2048 1375 2319 1462 quidem
2398 1375 2743 1449 Romanos
2821 1372 3184 1440 Pontifices

195 1483 586 1569 praesertim
622 1486 943 1568 tempore,
979 1502 1116 1569 quo
1144 1481 1492 1549 Avenione
1528 1484 1721 1569 quasi
1757 1483 1824 1548 in
1859 1483 2162 1549 exsilium
2201 1482 2389 1549 missi
2421 1481 2824 1560 residebant,
2853 1481 3183 1565 praelatos

196 1591 437 1674 quavis
487 1609 569 1656 ex
627 1594 808 1676 parte
879 1591 1161 1656 omnino
1232 1590 1468 1656 fideles
1539 1590 1838 1657 ecclesiis
1910 1589 2399 1656 cathedralibus
2470 1589 2753 1673 aliisque
2820 1587 3183 1653 maioribus

197 1697 404 1782 longe
457 1697 863 1763 distantibus
914 1697 1267 1783 praeficere
1317 1697 1633 1764 debuisse
1682 1700 1862 1763 extra
1910 1697 2121 1763 aleam
2172 1700 2272 1763 est
2322 1694 2710 1781 positum.²)

415 1822 507 1888 lta
614 1840 671 1887 e.
764 1841 830 1907 g.
922 1821 1271 1888 Johannes
1375 1821 1560 1887 XXII.
1673 1840 1913 1888 omnes
2021 1825 2086 1887 et
2192 1822 2494 1906 singulas
2600 1819 3010 1886 cathedrales
3118 1820 3182 1884 et
3236 1802 3242 1808 ’

195 1929 592 2014 collegiatas
640 1929 953 1995 ecclesias
1002 1929 1374 1995 saeculares
1422 1932 1486 1994 et
1532 1930 1869 2014 regulares
1916 1929 2197 1996 civitatis
2232 1932 2297 1994 et
2328 1927 2656 1993 dioecesis
2691 1945 2767 1993 ac
2799 1926 3180 2011 provinciae

198 2034 654 2108 Ravennaten.
728 2035 809 2101 ad
884 2036 1229 2102 biennium
1301 2053 1666 2115 reservam,
1740 2037 1885 2122 ipse
1959 2037 2129 2102 hanc
2196 2054 2463 2102 causam
2535 2034 2829 2100 adducit:
2909 2035 3017 2110 „ut
3067 2050 3184 2117 per

199 2141 692 2227 providentiam
773 2141 968 2209 Sedis
1045 2140 1475 2228 Apostolicae
1551 2142 1634 2209 de
1729 2143 2109 2229 pastoribus
2203 2145 2267 2208 et
2344 2142 2653 2227 praelatis
2730 2141 2795 2206 in
2887 2138 3182 2224 partibus

198 2249 673 2333 disponeretur
744 2249 1116 2334 praedictis,
1189 2250 1303 2335 qui
1352 2249 1570 2317 Nobis
1629 2254 1692 2316 et
1740 2249 2075 2316 Ecclesiae
2124 2249 2467 2323 Romanae
2516 2249 2740 2313 devoti
2812 2248 2876 2312 et
2945 2245 3181 2312 fideles

199 2356 596 2422 exsisterent
644 2359 706 2422 et
753 2355 900 2422 aliis
949 2356 1193 2422 scirent
1241 2358 1304 2423 et
1352 2361 1633 2442 possent
1680 2375 1994 2443 praeesse
2045 2357 2287 2422 utiliter
2334 2359 2396 2422 et
2445 2354 2901 2441 prodesse.“³)

415 2478 613 2560 Quae
660 2480 881 2558 verba,
931 2481 1052 2546 etsi
1088 2481 1465 2566 saepissimi
1496 2484 1847 2548 occurrunt
1881 2482 1945 2547 in
1981 2481 2238 2547 Litteris
2283 2480 2730 2547 reservatoriis
2772 2477 3182 2565 Apostolicis

199 2585 507 2652 eiusdem
542 2585 886 2671 temporis,
920 2587 1141 2653 tamen
1179 2587 1271 2654 uti
1315 2606 1571 2654 merae
1613 2588 2001 2654 formulae
2035 2588 2256 2654 nullo
2291 2587 2526 2654 modo
2571 2590 2726 2653 sunt
2759 2584 3179 2652 attendenda.

414 2710 942 2796 Nonnumquam
1038 2712 1233 2779 etiam
1329 2712 1458 2797 ipsi
1562 2712 1835 2799 Reges
1929 2712 2281 2779 occasione
2375 2713 2742 2779 vacationis
2835 2708 3179 2777 cuiusdam

198 2818 524 2885 ecclesiae
618 2836 735 2902 per
826 2818 1100 2884 Litteras
1194 2819 1519 2904 speciales
1598 2837 2004 2905 expresse
2080 2820 2163 2886 ab
2244 2820 2394 2905 ipso
2474 2818 2779 2892 Romano
2857 2816 3182 2883 pontifice

198 2927 619 3011 expetierunt
674 2927 1189 2992 reservationem
1251 2927 1448 2993 unius
1506 2928 1859 2994 alteriusve
1916 2927 2234 2993 ecclesiae
2287 2964 2360 2973 —
2416 2927 2502 3003 id,
2561 2926 2743 3011 quod
2792 2926 3033 2992 factum
3085 2926 3185 2989 est

198 3053 259 3099 v.
332 3053 397 3118 g.
473 3052 511 3098 a
585 3031 894 3098 ,Iohanne
975 3033 1291 3099 Boemiae
1370 3033 1570 3120 Rege,
1649 3053 1798 3101 cum
1880 3035 2157 3102 ecclesia
2236 3033 2847 3101 Olomucensis
2925 3033 3186 3097 vacaret

201 3139 559 3225 pastore4).
655 3138 937 3205 Econtra
1016 3140 1371 3225 petitiones
1450 3142 1670 3226 regiae
1749 3141 1830 3207 ad
1913 3140 2181 3207 Curiam
2270 3140 2641 3214 Romanam
2736 3140 3021 3205 directae
3099 3137 3183 3203 de

201 3245 588 3312 immediata
663 3246 1050 3331 provisione
1122 3247 1466 3314 cuiusdam
1542 3247 1723 3313 sedis
1794 3247 2201 3333 episcopalis
2272 3246 2448 3313 haud
2508 3265 2652 3312 raro
2712 3247 2908 3312 etiam
2960 3248 3183 3331 aperte

201 3354 480 3419 reiectae
551 3355 724 3430 sunt,
796 3371 852 3418 e.
931 3372 997 3437 g.
1071 3353 1137 3419 in
1206 3372 1385 3433 casu,
1459 3373 1597 3440 quo
1665 3355 1941 3421 ecclesia
2021 3353 2546 3438 Nivernensis,⁵)
2615 3353 2924 3419 Johanne
2994 3352 3181 3418 XXII.

200 3462 547 3545 regnante,
617 3460 911 3537 vacabat,
982 3461 1139 3526 tunc
1209 3462 1348 3528 iura
1419 3462 1707 3547 capituli,
1774 3461 1857 3528 ad
1931 3461 2113 3547 quod
2186 3461 2419 3527 electio
2469 3461 2552 3526 de
2603 3461 2741 3526 iure
2791 3460 3181 3545 pertinebat,

201 3585 520 3653 expresse
568 3584 605 3632 a
653 3566 832 3632 dicto
880 3565 1202 3634 Pontifice
1248 3568 1506 3634 firmata
1557 3573 1730 3635 sunt.

332 3836 372 3903 ¹)
412 3833 495 3889 Cf.
536 3833 729 3888 Wernz
769 3833 799 3887 l.
838 3849 883 3887 c.
924 3834 978 3887 11.
1018 3849 1068 3888 n.
1108 3834 1213 3889 323
1252 3837 1305 3889 et
1344 3835 1480 3889 alios
1518 3836 1793 3904 plurimos

415 3923 786 3993 (Negligentia
824 3923 913 3976 vel
953 3925 1067 3992 ipsa
1106 3922 1249 3978 fraus
1286 3924 1599 3978 collatorum
1640 3924 2028 3979 ordinariorum
2070 3954 2135 3963 —
2176 3926 2371 3979 iniusta
2410 3925 2463 3978 et
2510 3925 2690 3992 aperta
2727 3925 2811 3976 vis
2851 3923 3177 3991 potestatum

201 4014 555 4069 saecularium
613 4042 680 4051 —
737 4014 1031 4065 necessitas
1087 4012 1410 4080 providendi
1478 4015 1805 4082 pauperibus
1867 4014 2071 4067 clericis
2129 4013 2214 4066 vel
2274 4012 2596 4068 officialibus
2653 4011 2846 4066 Curiae
2911 4011 3183 4071 Romanae

200 4103 546 4157 benemeritis
590 4131 643 4139 -
689 4101 983 4170 periculum
1022 4103 1361 4166 animarum.)

324 4190 369 4259 ἵ)
410 4189 578 4255 Quod
633 4188 874 4243 studium
932 4187 1127 4243 Christi
1186 4191 1395 4243 vicariis
1451 4205 1545 4259 per
1595 4205 1655 4244 se
1711 4190 1862 4244 nullo
1919 4191 2083 4245 modo
2123 4192 2192 4244 ita
2241 4193 2292 4244 in
2330 4191 2678 4260 opprobrium
2717 4189 3036 4244 vertendum
3078 4192 3177 4254 est,

204 4283 353 4350 quasi
411 4281 633 4333 arctiore
691 4279 782 4331 illo
837 4279 1056 4331 vinculo
1112 4293 1233 4332 cum
1272 4280 1579 4347 pastoribus
1633 4280 1700 4333 ab
1759 4282 1891 4348 ipsis
1947 4280 2253 4334 constitutis
2292 4283 2424 4335 inito
2462 4281 2668 4333 tantum
2708 4280 2775 4333 ad
2816 4278 3180 4348 ampliandam

204 4384 353 4424 suam
395 4369 719 4437 potestatem
758 4367 1192 4436 temporalem
1230 4368 1337 4421 sint
1374 4369 1528 4422 abusi
1568 4368 1632 4423 cf.
1674 4368 1969 4422 Hinschius
2008 4371 2039 4422 1.
2080 4383 2134 4422 c.·
2153 4368 2228 4422 111.
2258 4384 2309 4437 p.
2342 4369 2457 4423 118.
2534 4368 2710 4422 Multo
2750 4370 2928 4422 minus
2957 4367 3182 4427 Romani

206 4456 493 4512 Pontifices
530 4455 731 4510 invidia
769 4458 823 4509 in
862 4457 1184 4524 potestatem
1224 4457 1733 4526 archiepiscopalem
1773 4456 1918 4511 ducti
1948 4456 2361 4517 Reservationes
2401 4456 2810 4537 introduxerunt
2836 4456 3183 4525 Apostolicas

208 4549 279 4600 uti
315 4546 519 4600 Munch
560 4546 593 4599 Ι.
632 4560 676 4599 c.
716 4560 768 4613 p.
808 4544 876 4598 37
914 4547 1178 4613 opinatur,
1236 4548 1359 4614 quia
1417 4549 1593 4600 omnis
1651 4545 1945 4599 iurisdictio
2002 4547 2532 4614 metropolitanorum
2591 4561 2656 4599 ex
2713 4561 2823 4599 uno
2873 4545 3022 4599 fonte
3060 4548 3092 4598 i.
3132 4561 3180 4599 e.

207 4637 469 4705 potestate
524 4634 837 4703 Apostolica
896 4632 952 4692 R.
1010 4633 1331 4688 Pontificum
1387 4634 1620 4703 profluit.
1698 4633 1778 4688 Cf.
1831 4650 1875 4688 c.
1933 4633 1982 4688 3.
2041 4636 2094 4687 in
2151 4634 2360 4689 Extrav.
2419 4634 2628 4689 Comm.
2690 4635 2722 4688 l.
2773 4636 2822 4688 3.
2900 4635 2980 4690 Cf.
3021 4637 3180 4689 etiam

209 4724 261 4779 P.
300 4724 577 4795 Aldinger,
635 4723 738 4777 Die
785 4722 1210 4793 Neubesetzung
1266 4723 1361 4777 der
1412 4723 1723 4777 Deutschen
1782 4722 2049 4777 Bisttimer
2106 4726 2259 4778 unter
2314 4723 2476 4793 Papst
2534 4724 2799 4778 lnnocenz
2841 4724 2926 4777 IV.
2967 4739 3019 4793 p.
3065 4724 3180 4778 192.

330 4814 374 4881 ⁸)
413 4813 542 4884 Reg.
580 4812 701 4866 Vat.
740 4813 776 4866 t.
822 4811 921 4866 113
959 4811 992 4865 f.
1038 4811 1203 4866 174t0
1240 4812 1310 4865 n⁰
1352 4812 1502 4867 1031.

420 4901 556 4956 Cod.
597 4901 655 4955 B.
695 4916 748 4970 p.
786 4901 1015 4956 69-70.

417 4991 473 5045 P.
516 4989 621 5044 Vll.
661 4988 730 5044 n⁰
767 4990 815 5044 8.

330 5080 378 5150 ⁴)
414 5080 544 5150 Reg.
583 5079 702 5133 Vat.
741 5082 776 5132 t.
820 5078 919 5133 113
957 5078 1047 5133 fol.
1087 5078 1188 5133 41⁰
1228 5078 1299 5133 n⁰
1334 5079 1456 5144 331,
1495 5079 1616 5133 333.

418 5169 474 5223 P.
515 5167 618 5223 Vll.
659 5166 730 5221 n⁰
770 5169 816 5232 1,
855 5168 904 5232 2,
944 5169 992 5222 3.

333 5258 377 5329 ⁵)
415 5259 545 5329 Reg.
586 5256 704 5311 Vat.
743 5259 778 5310 t.
822 5257 938 5311 117.
978 5256 1051 5310 n0
1087 5255 1208 5311 563.

421 5347 478 5401 P.
516 5346 625 5401 Vll.
665 5343 736 5399 n⁰
772 5347 821 5410 4,
859 5346 946 5401 48.
