3688 5825
1955 294 2038 352 10

716 496 1025 564 Attamen
1075 497 1314 564 Curiae
1365 498 1705 572 Romanae
1755 499 2614 585 officialesnonnunquam
2663 498 2859 564 etiam
2912 517 3028 584 per
3074 498 3295 565 media
3343 518 3483 565 non

507 623 776 689 semper
821 604 1115 675 honesta,
1150 606 1216 671 in
1275 605 1714 672 conficiendis
1764 606 2019 673 Litteris
2069 607 2514 673 reservatoriis
2563 606 2840 672 modum
2890 605 3232 672 transiisse
3280 623 3482 672 nemo

506 711 800 796 negabit,
852 712 966 797 qui
1009 712 1353 778 historiam
1404 712 1917 780 ecclesiasticam
1968 713 2290 779 dictorum
2341 716 2718 798 temporum
2769 712 2928 778 satis
2977 711 3171 778 callet
3206 750 3291 759 —
3327 731 3482 777 nam

506 819 782 901 quaevis
831 836 934 884 res
965 856 1054 864 —
1087 837 1204 902 per
1251 836 1323 885 se
1372 820 1623 905 optima
1654 820 1842 885 —in
1894 818 2365 886 detrimentum
2415 820 2643 904 vergit,
2693 818 2747 884 si
2783 818 3074 884 humana
3125 816 3482 904 instigante

504 923 854 1009 fragilitate
905 942 1022 1009 per
1069 942 1415 991 excessum
1468 928 1792 1010 peccatur.
1811 924 1863 1011 1)

632 1136 674 1204 1)
715 1136 1042 1191 Huiusmodi
1082 1137 1254 1191 iustae
1294 1139 1662 1205 querimoniae
1700 1139 1765 1191 ab
1808 1128 1940 1207 ipsis
1978 1137 2332 1192 Pontificibus
2368 1140 2607 1208 prolatae
2645 1139 2991 1192 inveniuntur
3029 1153 3112 1191 ex.
3152 1153 3259 1209 gr.:

718 1240 762 1279 c.
802 1240 890 1278 un.
932 1224 1001 1278 de
1039 1226 1220 1294 praeb.
1259 1225 1309 1279 3.
1350 1228 1404 1279 in
1445 1226 1656 1281 Extrav,
1695 1225 1817 1281 Joh.
1858 1227 2009 1281 xxll.

720 1314 849 1386 Reg.
906 1314 1080 1369 Aven.
1138 1314 1341 1370 Bened.
1396 1315 1496 1370 XII.
1537 1318 1573 1370 t.
1619 1316 1664 1368 1.
1709 1314 1801 1370 fol.
1840 1316 1978 1371 376t
2013 1314 2117 1369 ⁰n⁰
2152 1315 2221 1371 35
2280 1339 2344 1362 =
2402 1315 2540 1371 Cod.
2597 1316 2655 1371 B.
2694 1332 2747 1386 p.
2787 1316 2997 1371 94—97
3037 1316 3485 1386 („Experimento

506 1403 885 1472 dedicimuS.·)

721 1492 775 1546 Ρ.
816 1492 921 1546 VII.
963 1491 1035 1546 n⁰
1075 1493 1140 1547 19
1177 1492 1241 1546 cf.
1284 1492 1509 1547 deinde:

720 1580 1178 1636 Constitutionem
1224 1581 1481 1651 „Superni
1520 1581 1908 1650 dispositione“
1954 1582 2285 1651 (Grandjean
2326 1583 2357 1637 l.
2398 1599 2440 1638 c.
2481 1581 2551 1637 n⁰
2591 1583 2742 1638 1103.
2781 1612 2848 1621 —
2894 1582 3028 1637 1303
3066 1582 3206 1637 Νον.
3248 1583 3302 1651 6)
3346 1598 3487 1653 quae

512 1668 664 1725 affert
719 1671 882 1724 verba
937 1673 1160 1725 omnino
1200 1673 1337 1725 iusta
1376 1686 1449 1725 sc.
1505 1673 1682 1742 „quod
1722 1687 1789 1725 ex
1835 1672 2217 1726 collationibus
2254 1676 2307 1726 et
2352 1672 2806 1727 reservationibus
2863 1687 2956 1741 per
2995 1670 3319 1726 Bonifatium
3361 1672 3488 1727 VIII.

506 1758 660 1813 factis
690 1760 777 1813 vel
818 1774 928 1828 per
954 1761 1129 1814 alios
1165 1762 1575 1815 auctoritate
1602 1777 1715 1815 sua
1743 1764 1887 1815 varia
1920 1762 1973 1814 et
2001 1761 2213 1815 diversa
2244 1762 2495 1816 scandala
2525 1762 2772 1830 poterant
2800 1764 3016 1815 evenire
3046 1764 3099 1816 et
3129 1764 3236 1816 tarn
3267 1763 3489 1831 praelati

510 1862 670 1916 quam
711 1849 971 1902 ecclesiae
1009 1863 1104 1918 per
1140 1849 1325 1903 orbem
1367 1849 1552 1904 diffusi
1591 1865 1651 1904 se
1705 1849 2025 1918 reputabant
2082 1853 2134 1903 in
2189 1851 2292 1905 hoc
2346 1851 2708 1921 multipliciter
2744 1851 3068 1922 aggravatos
3105 1865 3165 1905 ac
3203 1853 3489 1920 propterea

509 1937 772 1992 dictorum
831 1938 1184 2007 praelatorum
1243 1941 1295 1993 et
1352 1942 1695 1995 ecclesiarum
1753 1941 1990 1995 relevare
2045 1955 2206 1994 onera
2246 1942 2299 1993 et
2336 1954 2498 2009 super
2536 1939 2849 1994 huiusmodi
2907 1939 3175 1993 scandalis
3222 1942 3381 2010 prout
3417 1940 3489 1994 ad

509 2028 751 2081 nostrum
801 2028 1008 2096 spectat
1045 2027 1283 2082 officium
1311 2029 1593 2083 salubriter
1617 2029 1905 2099 providere
1931 2030 2195 2093 volentes,
2233 2044 2425 2083 omnes
2452 2030 2770 2083 collationes
2797 2069 3022 2083 .....
3049 2043 3325 2083 cassamus
3351 2031 3484 2084 etc.·

721 2115 860 2170 Vide
898 2119 1058 2171 etiam
1098 2116 1286 2172 Pastor
1324 2118 1524 2172 Gesch.
1566 2119 1615 2172 d.
1657 2118 1852 2188 Papste
1891 2117 1944 2172 1³
1983 2134 2034 2187 p.
2072 2118 2142 2173 69
2180 2132 2299 2187 sqq.

720 2205 945 2275 Phillips
983 2207 1017 2260 1.
1057 2221 1100 2260 c.
1143 2206 1206 2271 V,
1246 2207 1366 2261 473.

724 2294 971 2365 Lingard,
1013 2295 1212 2351 Ctesch.
1252 2312 1303 2349 v.
1345 2295 1592 2366 England
1635 2296 1706 2361 111,
1752 2296 1849 2350 117
1889 2311 2009 2366 sqq.

723 2384 909 2449 Pohle,
949 2388 1002 2438 in
1043 2385 1254 2440 wetzer
1291 2385 1402 2439 und
1441 2385 1661 2440 Welte’s
1700 2385 2151 2443 Kirchenlexikon
2193 2385 2256 2439 V.
2295 2399 2347 2454 p.
2393 2385 2525 2440 1292
2564 2399 2683 2455 sqq.
2759 2385 2890 2454 (Art.
2933 2385 3321 2455 Grosseteste.)
