3688 5825
1753 280 1792 338 3

281 484 367 551 de
413 483 628 571 Nyem
680 485 1065 570 scriptorem
1116 487 1179 552 et
1226 485 1749 555 abbreviatorem
1802 486 2187 555 Litterarum
2233 486 2315 551 de
2360 487 2527 558 libro
2583 489 2982 573 „quaternus
3026 488 3254 554 albus“

281 594 668 678 nuncupato
730 594 795 658 et
841 582 1189 659 Avenione
1252 592 1553 659 coniecto
1617 611 1848 659 mense
1906 593 2070 660 Maii
2127 593 2295 660 1380
2352 593 2625 661 Urbano
2672 592 2774 659 VI.
2833 594 3110 660 sedente
3182 614 3260 660 ex

278 699 505 766 officio
552 699 983 785 transcriptus
1030 702 1150 766 est.
1164 698 1211 786 ¹)

486 806 654 874 Cod.
702 806 855 873 Vat.
897 807 1092 874 3984.
1100 807 1152 893 2)

488 913 656 981 Cod.
707 913 773 980 S.
825 913 1342 1000 (Sampetrinus)
1390 916 1475 981 ab
1525 913 1929 1002 Ottenthalss)
1979 916 2303 1001 signatus

485 1020 797 1107 Denique
899 1022 981 1087 ad
1084 1022 1567 1088 restitutionem
1671 1025 1887 1089 textus
1986 1024 2331 1108 originalis
2434 1024 2853 1108 quorundam
2963 1026 3252 1110 capitum

274 1126 721 1194 Decretalium
756 1128 1031 1195 adhibui
1067 1130 1377 1214 quattuor
1409 1128 1755 1216 Codices4)
1806 1149 1966 1196 mss.
2020 1132 2293 1197 membr.
2329 1129 2773 1197 Decretalium
2809 1130 3116 1217 Gregorii
3151 1132 3252 1197 XI.

273 1234 343 1299 in
394 1235 804 1302 Bibliotheca
857 1234 1488 1321 Regia-Academica
1534 1235 2035 1303 Vratislaviensi
2086 1255 2261 1303 nunc
2309 1240 2684 1304 asservatos
2734 1256 2852 1304 sc.:

1129 1341 1296 1409 Cod.
1350 1343 1414 1408 11.
1466 1343 1506 1409 i.
1556 1344 1642 1410 29
1690 1363 1817 1410 arn
1847 1363 1882 1410 e
1929 1344 2019 1417 V1
2073 1346 2377 1429 signatus

1368 1477 1391 1507 =
1478 1481 1505 1505 ε
1564 1451 1650 1518 30
1788 1479 1809 1507 =
1933 1451 2027 1518 Va

1363 1587 1384 1612 ι
1483 1586 1505 1614 :
1563 1558 1638 1625 31
1786 1589 1809 1612 ε
1934 1558 2028 1631 V3

1369 1693 1391 1705 ³
1482 1692 1505 1721 ε
1563 1665 1646 1731 32
1786 1694 1808 1722 2
1931 1666 2026 1737 V4

478 1771 662 1838 Folia
736 1772 899 1837 haec
948 1772 1076 1837 iam
1153 1772 1265 1837 diu
1339 1775 1520 1839 erant
1593 1774 1784 1858 quasi
1859 1773 2111 1858 integra
2181 1777 2565 1860 praeparata
2637 1777 2700 1840 et
2771 1775 2977 1841 semel
3050 1777 3249 1858 atque

270 1880 506 1945 iterum
567 1880 632 1945 in
693 1897 774 1945 eo
832 1897 1031 1957 eram,
1091 1883 1160 1945 ut
1219 1879 1327 1945 illa
1378 1880 1443 1945 in
1494 1880 1827 1965 publicam
1880 1880 2093 1946 lucem
2144 1883 2532 1959 emitterem,
2606 1882 2723 1947 sed
2776 1882 3067 1947 muneris
3119 1883 3245 1946 mei

270 1986 665 2071 urgentibus
717 1986 862 2052 aliis
912 1986 1201 2071 negotiis
1260 1986 1655 2072 saepissime
1712 1987 2040 2053 calamum
2106 2006 2424 2073 reponere
2487 1991 2550 2054 et
2620 1989 2845 2054 denuo
2917 1991 3244 2073 arreptum

269 2093 504 2158 iterum
563 2092 902 2178 deponere
965 2111 1112 2159 sum
1176 2096 1463 2159 coactus.
1560 2092 1717 2173 Quo
1767 2092 2009 2160 iactum
2059 2098 2179 2172 est,
2239 2098 2308 2159 ut
2357 2113 2492 2161 non
2553 2114 2762 2181 pauca
2824 2095 3246 2171 documenta,

268 2219 444 2286 quae
494 2201 637 2285 ipse
696 2219 775 2266 ex
825 2199 1130 2266 Archivio
1187 2199 1507 2266 Vaticano
1557 2203 1817 2267 exarata
1867 2201 2268 2287 publicanda
2317 2204 2535 2280 statui,
2600 2221 2775 2269 nunc
2823 2221 2860 2268 a
2909 2221 3014 2267 me
3065 2205 3245 2268 erant

267 2308 660 2393 separanda,
711 2308 866 2393 quia
914 2310 999 2375 ab
1048 2308 1195 2374 aliis
1246 2307 1504 2373 interim
1554 2309 1732 2394 typis
1783 2311 1937 2374 sunt
1985 2327 2248 2375 excusa.
2343 2310 2655 2395 Denique
2705 2311 2813 2376 vix
2862 2309 3242 2375 addendum

266 2416 408 2493 erit,
459 2434 565 2481 me
616 2416 680 2481 in
731 2414 859 2481 hoc
904 2418 1175 2481 tractatu
1235 2415 1559 2481 canonico
1622 2415 1945 2481 orationis
2017 2415 2260 2483 latinae
2331 2420 2635 2483 ornatum
2711 2420 2774 2483 et
2843 2417 3241 2501 elegantiam

265 2521 350 2588 de
425 2522 745 2588 industria
819 2540 953 2588 non
1028 2523 1443 2608 quaesivisse
1492 2522 1610 2589 sed
1683 2523 1909 2608 potius
1983 2523 2089 2589 illa
2139 2525 2490 2590 verborum
2541 2526 2735 2610 copia
2785 2543 2859 2591 ac
2923 2527 3242 2590 structura

264 2630 724 2715 loquendique
758 2630 1245 2696 consuetudine
1273 2648 1435 2696 usus
1463 2648 1633 2708 sum,
1679 2648 1851 2715 quae
1886 2631 1952 2695 in
2017 2630 2163 2696 aliis
2198 2631 2458 2716 scriptis
2495 2632 2837 2698 canonicis
2871 2634 2934 2698 et
2968 2631 3239 2716 quidem

264 2738 330 2802 in
397 2738 562 2823 ipsis
624 2737 1237 2804 Constitutionibus
1300 2735 1706 2822 Apostolicis
1770 2738 2152 2822 praesertim
2217 2738 2370 2803 dicti
2420 2740 2742 2824 temporis
2793 2739 3236 2804 inveniuntur.

392 2971 433 3036 ¹)
472 2969 552 3025 Cf.
600 2971 788 3042 Tangl,
844 2970 947 3025 Die
995 2971 1195 3040 Papstl.
1255 2969 1804 3040 Kanzleiordnungen
1858 2969 2206 3024 1200—1500
2242 2985 2295 3039 p.
2335 2970 2396 3033 X,
2438 2969 2564 3034 LIV,
2607 2970 2711 3025 LV.
2787 2970 2965 3024 Mitth.
3004 2969 3055 3023 d.
3115 2969 3238 3022 Inst.

475 3058 512 3113 f.
553 3060 731 3115 Oestr.
772 3059 991 3114 Geschf.
1030 3060 1093 3120 X,
1132 3059 1253 3114 464.

388 3148 433 3216 ἵ)
473 3148 554 3204 Cf.
596 3149 897 3212 Ottenthal,
939 3148 1177 3220 Regulae
1216 3146 1578 3203 Cancellariae
1617 3147 1967 3217 Apostolicae
2004 3163 2056 3218 p.
2097 3148 2200 3202 XL.

473 3238 641 3310 Tangi
682 3240 713 3292 l.
753 3254 797 3293 c.
837 3254 889 3308 p.
932 3237 1099 3292 LXXI.
1138 3269 1209 3276 -
1246 3239 1337 3307 qui
1392 3238 1740 3292 iniudicatum
1799 3239 2064 3307 relinquit,
2114 3239 2289 3292 utrum
2329 3236 2466 3293 Cod.
2505 3238 2568 3292 V.
2609 3253 2674 3291 ex
2714 3237 2917 3293 Codice
2957 3237 3014 3291 B.
3054 3252 3122 3291 an
3171 3254 3238 3292 ex

257 3329 382 3396 ipso
440 3328 574 3382 libro
628 3329 887 3397 quaterno
942 3328 1068 3382 albo
1127 3327 1336 3381 duxerit
1391 3329 1673 3398 originem.
1747 3326 1873 3381 Mea
1927 3327 2147 3397 quidem
2198 3328 2463 3380 sententia
2505 3341 2570 3380 ex
2609 3329 2910 3381 numerosis
2949 3326 3234 3380 verborum

256 3417 672 3482 variationibus,
761 3431 895 3487 quas
977 3419 1031 3470 in
1105 3416 1443 3470 documentis
1518 3417 1683 3486 partis
1756 3416 1842 3471 VI.
1918 3418 1971 3470 et
2043 3415 2149 3470 VII.
2232 3416 2392 3469 huius
2467 3415 2630 3469 libelli
2705 3416 2983 3480 videmuS,
3077 3416 3236 3484 plane

255 3509 602 3575 perspicuum
661 3508 742 3560 est
799 3508 1085 3575 utrumque
1141 3506 1383 3560 codicem
1441 3506 1687 3560 hausisse
1739 3521 1805 3559 ex
1864 3506 2080 3560 diverso
2126 3503 2275 3559 fonte
2315 3507 2366 3559 in
2425 3504 2607 3559 multis
2663 3508 2840 3559 tamen
2900 3505 3031 3559 locis
3069 3503 3233 3558 affini.

255 3594 594 3666 originalem
623 3610 753 3649 vero
790 3596 1013 3659 fontem,
1053 3595 1244 3649 saltem
1283 3597 1336 3649 in
1376 3596 1634 3664 quantum
1662 3595 1731 3649 ad
1759 3594 1895 3650 Cod.
1916 3595 1981 3649 V.
2021 3596 2225 3659 attinet,
2264 3597 2354 3648 vix
2393 3596 2495 3649 iam
2536 3595 2711 3649 dictus
2750 3597 3041 3663 quaternus
3078 3595 3234 3648 albus

253 3685 512 3738 exhibere
548 3686 745 3754 potest,
784 3687 907 3754 quia
934 3683 1071 3738 Cod.
1100 3683 1165 3738 V.
1193 3700 1242 3739 v.
1271 3700 1324 3755 g.
1353 3688 1405 3738 ln
1433 3686 1607 3753 capite
1651 3684 1757 3748 ,Ex
1796 3685 2010 3739 debito·
2054 3683 2206 3738 solus
2243 3684 2406 3738 multa
2446 3686 2684 3738 continet
2720 3684 2882 3738 verba
2923 3686 3231 3753 praesertim

251 3773 500 3828 ordinem
538 3773 975 3828 Cistersiensium
1014 3775 1367 3842 respicientia,
1415 3774 1483 3828 ad
1523 3789 1685 3843 quem
1724 3775 1865 3828 certe
1904 3774 2091 3827 habuit
2127 3775 2312 3827 nescio
2352 3788 2485 3843 quas
2524 3774 2824 3828 relationes.
2902 3773 3134 3829 Codices
3173 3773 3232 3826 B.

250 3865 307 3917 et
344 3862 408 3917 V.
450 3864 849 3933 repraesentant
886 3864 1321 3931 transcriptiones
1360 3862 1621 3931 quasdam
1660 3862 1822 3931 paulo
1861 3864 2103 3918 accurate
2139 3862 2322 3926 factaS,
2362 3877 2499 3932 quae
2535 3865 2733 3926 tamen,
2771 3865 2914 3917 vitiis
2953 3863 3232 3932 neglectiS,

250 3953 321 4007 ad
379 3951 729 4023 corrigendos
785 3952 1078 4006 nonnullos
1139 3951 1305 4015 locos,
1363 3954 1452 4021 qui
1510 3967 1653 4005 nunc
1708 3955 1761 4006 in
1817 3952 2148 4007 editionibus
2204 3955 2441 4021 corporis
2497 3954 2624 4006 iuris
2681 3955 2919 4005 canonici
2969 3952 3233 4006 habentur

250 4044 518 4111 impressi,
559 4041 785 4096 multum
824 4040 1011 4095 afferre
1045 4042 1292 4110 possunt.
1368 4041 1694 4096 Huiusmodi
1734 4042 1898 4095 verba
1937 4041 2221 4096 emendata
2259 4041 2474 4095 fortiore
2520 4043 2771 4112 insignita
2798 4043 2923 4095 sunt
2967 4044 3230 4110 scriptura

248 4134 304 4184 in
347 4130 431 4185 VI.
471 4132 621 4200 parte
659 4131 819 4185 huius
857 4131 1038 4185 libelli.

378 4219 422 4288 ³)
462 4219 544 4274 Cf.
602 4218 883 4276 Ottenthal
932 4219 965 4273 l.
1005 4234 1048 4273 c.
1097 4233 1148 4288 p.
1207 4218 1435 4274 XLVI—
1440 4219 1639 4274 XLVII.
1714 4218 1852 4274 Cod.
1893 4220 1945 4274 S.
2003 4234 2145 4273 nunc
2202 4221 2253 4272 in
2312 4219 2476 4290 Regia
2533 4217 2864 4272 Bibliotheca
2922 4217 3226 4272 Eriordensi

245 4311 558 4364 asservatus
603 4309 734 4362 mihi
780 4323 890 4363 non
944 4309 1054 4362 erat
1106 4308 1174 4362 ad
1220 4323 1410 4363 manus
1438 4338 1504 4348 —
1531 4310 1600 4364 ad
1646 4323 1830 4378 preces
1877 4323 2025 4363 meas
2075 4311 2254 4377 accepi
2295 4310 2498 4377 partem
2538 4309 2726 4376 capitis
2778 4307 2892 4370 „Ad
2933 4307 3221 4377 Regimen·

243 4400 636 4467 transcriptam,
678 4413 837 4467 quam
876 4398 944 4452 ad
984 4399 1436 4466 comparationem
1475 4412 1597 4452 curn
1637 4396 1813 4452 Codd.
1854 4396 1912 4451 Β.
1953 4399 2007 4451 et
2044 4397 2107 4450 V.
2146 4397 2386 4451 adhibui.
2554 4409 2557 4413 ’

376 4490 417 4554 ⁴)
458 4486 540 4542 Ct.
579 4486 885 4557 Friedberg‚
926 4485 1087 4556 Corp.
1125 4486 1232 4540 Jur.
1276 4484 1408 4540 Can.
1448 4485 1502 4540 11.
1580 4486 1969 4556 Prolegomena
2010 4501 2061 4553 p.
2105 4485 2270 4540 LXIII.

463 4576 707 4640 Theiner,
746 4575 1168 4646 Disquisitiones
1206 4577 1416 4629 criticae
1455 4591 1506 4644 p.
1546 4575 1616 4630 63
1654 4591 1773 4645 sqq,
1814 4575 1904 4628 ubi
1947 4575 2360 4644 descriptionem
2401 4576 2664 4629 invenies.
