3688 5825
1630 300 1712 359 73

174 508 565 587 auctoritate
633 508 846 575 innibi
896 507 1139 574 fuerint
1185 508 1506 586 assecuti,
1556 507 1707 574 licet
1754 506 2130 592 prebendas
2192 506 2565 591 expectent,
2617 504 2701 571 ad
2763 522 2884 572 eos
2932 504 3164 584 eciam,

177 615 293 700 qui
358 633 477 700 per
536 615 785 681 litteras
847 614 1172 682 facultatis
1222 614 1544 680 dictorum
1607 613 2155 699 predecessorum
2205 613 2272 678 in
2322 612 2687 697 aliquarum
2739 611 3163 679 ecclesiarum

175 722 547 789 canonicos
617 740 755 787 non
828 721 1198 807 apostolica
1270 720 1389 787 sed
1461 721 1847 787 auctoritate
1919 720 2389 805 recipiencium
2454 722 2609 785 sunt
2671 720 2945 804 recepti,
3016 719 3167 785 licet

176 828 558 913 prebendas
606 828 710 895 vel
760 828 885 895 alia
922 828 1249 895 beneficia
1285 831 1633 912 expectent
1666 826 1948 904 ibidem,
1998 830 2062 893 et
2095 826 2179 892 ad
2214 844 2356 906 eos,
2407 827 2519 912 qui
2554 844 2756 912 super
2787 827 3164 912 receptione

176 953 298 1001 sua
370 935 437 1001 in
512 935 811 1001 ecclesiis
881 935 985 1001 vel
1058 934 1479 1000 monasteriis
1528 951 1647 1000 seu
1712 934 1881 1000 locis
1930 934 2078 999 aliis
2128 933 2561 1018 regularibuS,
2612 933 2677 999 in
2730 933 2977 1017 quibus
3024 951 3163 999 non

176 1045 314 1108 erat
369 1045 585 1109 certus
642 1042 1117 1109 canonicorum
1167 1041 1272 1107 vel
1322 1042 1790 1107 canonicarum
1812 1041 1869 1127 3)
1918 1040 2023 1106 vel
2072 1040 2548 1107 monacharum
2599 1057 2718 1106 seu
2769 1039 3163 1106 monialium

176 1152 288 1215 aut
382 1149 770 1234 quatumvis
863 1149 1138 1215 aliarum
1233 1147 1740 1233 personarum4)
1846 1165 2254 1232 quocunque
2343 1146 2616 1214 nomine
2699 1149 3169 1231 nuncupentur

176 1274 498 1322 numerus
544 1257 669 1334 vel,
715 1257 770 1322 si
806 1260 943 1322 erat
990 1253 1173 1341 (sicl)
1207 1258 1273 1321 et
1303 1255 1547 1339 aliquis
1588 1255 1692 1321 vel
1736 1254 1958 1339 aliqua
1989 1255 2072 1320 de
2104 1271 2382 1320 numero
2416 1252 2710 1338 predicto
2744 1257 2897 1320 ante
2943 1252 3164 1318 datam

176 1363 601 1448 presencium
660 1362 938 1428 defuerit
985 1361 1090 1427 vel
1140 1361 1356 1428 adhuc
1404 1361 1596 1439 desit,
1668 1362 1914 1427 litteras
1963 1360 2369 1445 apostolicas
2420 1360 2871 1445 impetrarunt,
2943 1360 2998 1426 si
3049 1378 3168 1445 per

175 1488 297 1536 eos
369 1469 475 1536 vel
548 1487 662 1536 eas
734 1488 870 1535 non
944 1469 1211 1548 steterit,
1283 1468 1649 1553 quominus
1721 1468 1964 1553 recepti
2038 1485 2155 1533 seu
2216 1470 2473 1552 recepte
2544 1466 2782 1532 fuerint
2839 1467 2906 1532 in
2971 1466 3164 1533 dictis

176 1576 517 1655 ecclesiis,
590 1575 1013 1659 monasteriis
1092 1575 1233 1641 sive
1313 1575 1478 1642 locis
1557 1579 1936 1660 presentem
2008 1574 2564 1640 constitucionem
2639 1574 2951 1639 volumus
3024 1591 3161 1639 non

177 1682 470 1748 extendi.
564 1681 711 1749 Nos
762 1683 1036 1768 insuper
1084 1683 1329 1748 irritum
1381 1681 1799 1749 decernimus
1849 1684 1913 1749 et
1961 1681 2159 1747 inane
2208 1683 2327 1747 etc.

394 1789 642 1855 Datum
691 1788 1023 1856 Avinione
1069 1787 1205 1854 XV.
1256 1788 1381 1853 kal.
1429 1788 1724 1854 Januarii
1774 1787 2202 1873 pontificatus
2251 1787 2522 1869 nostri⁵)
2574 1806 2632 1853 a.
2682 1787 2918 1872 primo.

307 1929 349 1998 ¹)
394 1930 573 1984 Verba
619 1946 742 2000 „per
778 1931 929 2000 pred.
970 1930 1118 1985 fact·
1164 1930 1385 1985 desunt:
1426 1929 1491 1983 V.

303 2018 347 2087 2)
390 2022 902 2074 concessiones:
944 2020 1073 2090 Reg.
1113 2018 1297 2082 Aven;
1337 2017 1474 2073 Cod.
1513 2018 1577 2072 V.

302 2108 346 2174 ³)
388 2110 794 2179 regularium
833 2110 939 2163 vel
980 2109 1449 2162 monachorum
1488 2137 1558 2144 —
1595 2106 1724 2178 Reg.
1764 2107 1938 2161 Aven.

393 2200 571 2253 certus
642 2201 1022 2253 canonicorum
1096 2213 1353 2252 numerus
1428 2199 1516 2252 vel
1590 2200 1967 2253 canonicarum
2041 2197 2371 2271 regularium
2445 2196 2535 2250 vel
2609 2194 2989 2249 monacharum
3064 2210 3162 2249 seu

176 2288 522 2341 monialium:
561 2288 624 2341 V.

298 2376 346 2445 ⁴)
389 2377 865 2448 religiosarum
903 2406 975 2415 —
1011 2375 1141 2446 Reg.
1180 2376 1354 2430 Aven.

302 2465 349 2535 ⁵)
389 2466 568 2520 Verba
612 2464 991 2535 ..pontificatus
1028 2467 1224 2519 nostri*
1270 2465 1468 2519 desunt
1504 2496 1575 2503 —-
1613 2464 1742 2535 Reg.
1782 2463 1957 2518 Aven.

395 2558 449 2609 in
489 2554 625 2611 Cod.
665 2555 729 2609 V.
769 2556 1000 2626 legimus
1044 2553 1419 2624 ,pontificatus
1457 2559 1652 2622 anno“.

183 2875 321 2932 1336
359 2875 496 2931 Mau
532 2875 581 2931 6.
1613 2768 1738 2848 20'

179 2966 311 3037 Reg.
353 2965 475 3020 Vat.
513 2967 549 3019 t.
591 2965 685 3020 131
729 2981 813 3034 ep.
857 2965 957 3020 108
997 2964 1085 3019 iol.
1124 2965 1210 3020 32.

1087 3071 1209 3152 Ad
1267 3073 1586 3151 futuram
1650 3077 1747 3151 rei
1807 3076 2271 3150 memoriam.

390 3198 617 3265 Circa
663 3197 1246 3265 confovendum
1297 3199 1358 3263 et
1406 3196 1829 3281 dirigendum
1881 3199 2124 3263 statum
2172 3198 2505 3273 terrarum,
2540 3193 2818 3261 ecclesie
2862 3192 3161 3266 Romane

179 3304 569 3371 immediate
619 3304 1082 3382 subiectarum,
1133 3303 1480 3389 pacificum
1532 3323 1668 3369 non
1706 3322 1937 3388 parum
1974 3302 2427 3387 conspicimus
2476 3300 2809 3387 expedire,
2860 3300 3040 3385 quod
3091 3300 3158 3366 in

179 3411 483 3478 ecclesiis
551 3410 892 3496 presertim
965 3410 1455 3477 cathedralibus
1525 3412 1588 3476 et
1649 3411 1796 3477 aliis
1847 3410 2182 3495 precipuis
2244 3409 2409 3475 locis
2459 3407 2945 3484 ecclesiasticiS,
2994 3406 3161 3472 intra

175 3521 381 3584 terras
454 3516 723 3583 easdem
796 3517 1339 3595 consistentibus,
1410 3517 1636 3602 prelati
1710 3518 1775 3582 et
1867 3518 2153 3583 rectores
2225 3514 2683 3600 preficiantur,
2754 3531 2905 3580 cum
2967 3513 3160 3579 tuerit

176 3628 611 3710 oportunum,
659 3623 930 3709 ydonei,
991 3624 1104 3708 qui
1177 3641 1408 3708 pacem
1488 3625 1554 3689 et
1631 3623 1960 3689 iusticiam
2041 3623 2326 3707 diligant
2403 3640 2480 3688 ac
2557 3621 2755 3687 nobis
2818 3624 2880 3685 et
2940 3620 3157 3687 eidem

177 3730 481 3804 Romane
530 3730 805 3797 ecclesie
854 3729 1089 3795 fideles
1139 3734 1201 3795 et
1250 3730 1473 3796 devoti
1521 3731 1806 3796 existant
1855 3730 2201 3814 sciantque
2248 3730 2452 3794 velint
2493 3731 2559 3794 et
2592 3727 2855 3813 possint
2902 3726 3155 3793 eisdem

176 3838 482 3904 ecclesiis
560 3841 624 3903 et
699 3836 862 3903 locis
941 3854 1209 3921 preesse
1291 3837 1532 3902 utiliter
1600 3840 1663 3902 et
1743 3836 2087 3922 prodesse,
2167 3836 2296 3930 hiis
2374 3852 2535 3920 ergo
2615 3837 2678 3901 et
2740 3833 2887 3900 aliis
2965 3834 3157 3900 certis

174 3943 865 4023 consideracionibuS,
901 3961 1032 4027 que
1067 3942 1149 4008 ad
1185 3943 1251 4008 id
1286 3946 1586 4009 nostrum
1623 3946 1896 4009 movent
1929 3943 2227 4008 animum
2262 3945 2325 4008 et
2358 3940 2700 4019 inducunt,
2736 3941 3159 4025 provisiones

179 4050 489 4116 omnium
563 4053 627 4114 et
693 4048 1107 4134 singularum
1172 4049 1918 4135 archieepiscopalium,
1978 4047 2461 4133 episcopalium
2536 4050 2601 4113 et
2657 4047 3154 4131 collegiatarum

175 4156 606 4224 ecclesiarum
679 4175 755 4222 ac
831 4155 1277 4234 abbaciarum,
1358 4157 1915 4222 monasteriorum
1988 4158 2052 4220 et
2132 4155 2540 4241 prioratuum
2591 4153 3155 4231 conventualium,

176 4262 579 4348 regularium
653 4265 716 4328 et
787 4262 1203 4338 secularium,
1274 4266 1732 4347 exemptorum
1809 4265 1873 4327 et
1944 4280 2079 4327 non
2152 4264 2634 4345 exemptorum,
2714 4260 2874 4326 inira
2953 4263 3156 4326 terras

174 4369 723 4447 consistencium,
774 4386 951 4435 nunc
1016 4369 1399 4434 vacancium
1451 4370 1552 4434 vel
1603 4372 2060 4435 vacaturorum
2112 4369 2177 4433 in
2229 4372 2442 4444 antea,
2494 4368 2560 4432 in
2611 4367 2857 4451 quibus
2929 4367 3155 4451 prelati

176 4495 294 4543 seu
351 4480 636 4542 rectores
706 4478 1200 4542 consueverunt
1270 4494 1385 4560 per
1452 4476 1844 4542 electionem
1896 4476 2170 4553 assumi,
2243 4474 2557 4559 quotiens
2606 4491 2684 4539 ea
2732 4476 2844 4539 aut
2892 4491 3004 4539 eas
3051 4472 3156 4539 vel

174 4602 295 4650 eos
378 4584 491 4648 aut
566 4582 892 4667 aliquam,
964 4581 1215 4666 aliquid
1266 4582 1365 4647 vel
1447 4582 1738 4666 aliquam
1822 4583 2112 4667 ipsarum
2194 4598 2423 4647 vacare
2500 4580 2850 4664 contigerit
2926 4579 3210 4664 dispo-⁷

174 4690 421 4757 sicioni
471 4692 693 4756 nostre
765 4693 827 4754 et
898 4689 1079 4755 sedis
1129 4689 1499 4775 apostolice
1580 4707 1793 4773 usque
1872 4689 1956 4756 ad
2005 4688 2371 4767 biennium,
2434 4706 2471 4753 a
2519 4683 2672 4752 data
2733 4686 3152 4771 presencium

173 4796 727 4883 computandum,
791 4796 1176 4862 auctoritate
1278 4796 1648 4880 apostolica
1742 4814 2177 4874 reservamus,
2285 4794 2614 4860 universis
2706 4792 3154 4871 ecclesiarum,

176 4905 628 4980 abbaciarum,
697 4903 1252 4969 monasteriorum
1325 4905 1389 4969 et
1462 4903 1869 4987 prioratuum
1921 4901 2365 4987 predictorum
2431 4900 2757 4986 capitulis,
2829 4900 3153 4983 collegiiS,

175 5010 622 5078 conventibus
671 5014 734 5075 et
782 5010 1091 5094 personis
1148 5008 1507 5075 districtius
1559 5009 1959 5087 inhibentes,
2031 5027 2115 5075 ne
2164 5009 2229 5074 in
2302 5008 2555 5074 eisdem
2605 5007 2687 5072 ad
2737 5005 3152 5083 electionem,

177 5116 711 5202 postulacionem
763 5116 865 5182 vel
917 5116 1372 5200 provisionem
1424 5116 1738 5200 aliquam,
1787 5115 1842 5181 si
1892 5115 2268 5182 vacacionis
2315 5116 2582 5199 tempus
2606 5112 2654 5198 1)
2689 5112 2787 5178 eis
2820 5115 2923 5177 vel
2959 5111 3147 5177 alicui

177 5243 255 5290 ex
323 5222 424 5289 eis
495 5220 579 5287 ad
651 5240 927 5306 presens
999 5223 1342 5288 immineat
1411 5222 1514 5287 vel
1587 5221 1903 5305 quotiens
1968 5222 2035 5286 in
2123 5223 2462 5306 posterum
2548 5219 2788 5286 eodem
2873 5217 3149 5283 durante

179 5329 458 5397 biennio
521 5329 914 5407 imminebit,
996 5331 1380 5414 presumant
1456 5327 1813 5414 procedere
1834 5328 1885 5409 2)
1963 5328 2205 5411 quovis
2283 5326 2491 5393 modo
2570 5345 2646 5392 ac
2722 5325 3152 5391 decernentes

2872 5448 2904 5501 6
