3688 5825
1940 286 2022 344 70

481 489 798 556 abbacias
860 507 1135 574 quoque
1183 492 1246 556 et
1293 490 1644 574 prioratuS,
1716 490 2078 559 decanatus
2149 495 2215 558 et
2285 492 2738 578 preposituras
2811 496 2875 560 et
2946 494 3074 560 alia
3146 494 3485 561 beneficia

418 578 427 587 ί
479 597 924 663 ecclesiastica
976 597 1298 681 regularia
1348 600 1411 663 et
1460 597 1801 678 secularia,
1854 615 2139 683 quorum
2190 598 2413 683 aliqua
2459 602 2616 665 tunc
2656 601 2980 666 vacabant
3026 603 3092 666 et
3156 600 3487 667 nonnulla

481 722 695 782 orum,
713 722 864 771 cum
883 721 962 769 ea
979 722 1208 770 vacare
1225 704 1661 788 contingeret,
1677 704 2115 785 ordinacioni‚
2137 705 2517 783 collacioni‚
2535 706 2904 790 provisioni
2933 708 2997 772 et
3035 707 3483 793 disposicioni

482 828 602 876 sue
641 812 705 877 et
729 810 911 876 sedis
952 810 1342 895 apostolice,
1378 811 1536 876 dum
1566 813 1792 895 ageret
1817 812 1883 877 in
1913 812 2255 890 humaniS,
2299 813 2670 898 specialiter
2705 813 3078 892 reservavit,
3113 814 3485 881 decernens

480 918 719 984 extunc
751 917 1001 983 irritum
1037 921 1099 983 et
1138 917 1358 995 inane,
1395 918 1450 983 si
1488 936 1683 984 secus
1719 937 1923 1003 super
1970 919 2098 985 hiis
2148 937 2264 1004 per
2311 937 2755 1004 quoscunque
2806 920 3042 1004 quavis
3091 921 3485 988 auctoritate

482 1023 766 1090 scienter
854 1024 958 1090 vel
1052 1024 1435 1109 ignoranter
1525 1016 1941 1110 contingeret
2032 1026 2423 1111 attemptari.
2563 1026 2735 1093 Cum
2830 1024 3050 1093 autem
3160 1028 3482 1094 nonnulli

481 1130 843 1214 prudencie
938 1130 1206 1216 proprie
1300 1133 1526 1196 contra
1609 1132 1935 1217 sapientis
2005 1132 2375 1198 doctrinam
2448 1132 2671 1199 minus
2742 1133 3021 1218 provide
3091 1134 3480 1215 innitenteS,

429 1297 432 1301 .
488 1238 982 1303 reservaciones
1068 1237 1457 1304 huiusmodi
1529 1255 1649 1322 per
1718 1238 1975 1304 obitum
2078 1239 2571 1323 predecessoris
2671 1239 2979 1306 eiusdem
3050 1240 3257 1308 luisse
3336 1259 3484 1327 pre-

482 1343 978 1429 sumpserunt1)
1054 1342 1205 1429 (sic)
1277 1345 1341 1410 et
1418 1346 1804 1429 presumant
1868 1363 2162 1412 asserere
2257 1349 2595 1413 revocatas
2674 1364 2749 1413 ac
2824 1351 3099 1432 propter
3166 1348 3295 1415 hoc
3365 1367 3488 1434 per

484 1451 806 1516 nonnulla
856 1451 1147 1535 capitula
1209 1451 1636 1518 ecclesiarum
1684 1452 1897 1517 taliter
1945 1455 2416 1518 reservatarum
2467 1453 2551 1518 ad
2599 1453 3008 1520 electionem
3074 1455 3482 1539 prelatorum

481 1557 866 1623 earumdem
940 1576 1015 1624 ac
1085 1558 1284 1623 etiam
1357 1576 1475 1643 per
1542 1558 1912 1625 nonnullos
1981 1558 2407 1644 dyocesanos
2486 1562 2548 1625 et
2624 1560 3000 1628 ordinarios
3070 1561 3371 1628 locorum
3422 1566 3486 1628 et

480 1665 672 1742 alios,
742 1663 827 1730 ad
900 1681 1073 1748 quos
1143 1664 1306 1730 alias
1364 1664 1686 1731 dictorum
1760 1664 2239 1732 beneficiorum
2280 1666 2561 1751 ,provisi
2594 1685 2657 1746 0,
2704 1668 2983 1734 collacio
3054 1686 3171 1734 seu
3243 1669 3486 1754 quevis

480 1770 615 1836 alia
669 1770 1053 1857 disposicio
1125 1772 1516 1856 pertinebat,
1591 1770 1675 1837 ad
1747 1772 2185 1838 collacionem
2257 1775 2322 1838 et
2392 1773 2848 1858 provisionem
2899 1774 3169 1840 illorum
3246 1778 3312 1842 et
3360 1794 3483 1861 per

482 1878 850 1944 nonnullos
966 1877 1136 1944 alios
1252 1878 1335 1944 ad
1457 1879 2026 1963 permutacionem
2142 1880 2245 1946 vel
2366 1880 2945 1947 renunciacionem
3061 1900 3316 1960 eorum,
3412 1885 3484 1948 ut

486 2003 605 2070 per
671 1984 801 2051 hoc
863 1984 929 2050 in
980 1984 1151 2050 alios
1219 1984 1739 2063 transferrentur,
1803 1985 1869 2050 in
1920 1986 2296 2051 elusionem
2347 1987 2879 2053 reservacionum
2930 1987 3318 2055 huiusmodi
3393 1990 3478 2055 sit

487 2109 901 2176 processum.
1019 2090 1164 2157 Nos
1214 2091 1297 2157 ad
1357 2092 1932 2178 presumptionem
1997 2091 2224 2157 talium
2275 2093 2860 2178 compescendam,
2913 2094 3023 2180 qui
3075 2112 3277 2182 super
3342 2095 3475 2162 hiis

484 2198 854 2284 apostolice
954 2197 1135 2264 sedis
1216 2197 1534 2265 iudicium
1621 2198 1985 2265 debuerant
2055 2202 2402 2284 expectare
2475 2218 2886 2284 omnemque
2964 2201 3475 2287 ambiguitatem

485 2323 688 2391 super
733 2305 1076 2389 premissis
1120 2304 1536 2383 solvendam,
1586 2306 2080 2373 reservaciones
2130 2306 2478 2391 predictaS,
2526 2306 2610 2373 de
2658 2308 2905 2392 quibus
2941 2326 3059 2394 per
3100 2309 3322 2374 literas
3371 2310 3477 2376 vel

485 2412 840 2498 regestra2)
914 2411 1403 2497 predecessoris
1452 2411 1776 2491 eiusdem,
1854 2430 1984 2498 que
2059 2413 2124 2478 in
2198 2413 2478 2479 archivis
2549 2413 2729 2480 sedis
2777 2415 3145 2499 apostolice
3194 2415 3477 2483 iacimus

484 2519 882 2598 conservari,
940 2520 1245 2585 constare
1302 2519 1600 2585 noscitur
1654 2518 2012 2597 evidenter,
2077 2520 2459 2586 auctoritate
2506 2521 2876 2604 apostolica
2940 2521 3358 2589 declaramus
3416 2526 3479 2589 et

485 2625 924 2704 decernimus,
977 2643 1094 2710 per
1139 2624 1444 2691 eiusdem
1496 2626 1989 2710 predecessoris
2038 2626 2294 2692 obitum
2346 2629 2685 2693 revocatas
2743 2628 3123 2694 nullatenus
3157 2630 3472 2710 extitisse,

486 2732 605 2798 sed
679 2751 792 2798 eas
841 2731 1109 2817 plenam
1182 2732 1496 2798 habuisse
1546 2734 1607 2798 et
1656 2731 1898 2798 habere
1949 2733 2212 2799 roboris
2260 2731 2636 2799 firmitatem
2686 2751 3062 2819 omnesque
3110 2734 3476 2803 electiones

484 2838 913 2918 collaciones,
973 2839 1397 2925 provisiones
1444 2840 1510 2904 et
1556 2839 2092 2923 permutaciones
2145 2839 2250 2904 vel
2298 2840 2460 2905 alias
2510 2857 2948 2926 quascunque
2995 2842 3476 2909 concessiones

485 2946 570 3012 de
643 2946 772 3012 illis
845 2964 963 3031 per
1032 2964 1476 3031 quoscunque
1545 2946 1803 3030 absque
1878 2947 2260 3013 auctoritate
2332 2946 2511 3013 sedis
2584 2947 2872 3032 predicte
2945 2948 3029 3015 de
3084 2949 3258 3016 iacto
3331 2969 3472 3035 pre-

486 3056 787 3138 sumptas
877 3053 1095 3119 nullas
1172 3051 1311 3119 iore
1402 3052 1670 3137 penitus
1762 3056 1827 3119 et
1918 3053 2173 3132 inanes,
2266 3054 2447 3136 eas³)
2540 3055 3035 3134 nichilominus,
3143 3059 3476 3141 quatenus

487 3162 973 3244 processerunt,
1023 3159 1106 3225 de
1134 3157 1327 3225 ‘iacto
1375 3161 1717 3226 cassantes
1766 3162 1828 3224 et
1887 3163 2272 3227 revocantes
2355 3160 2635 3226 omnino
2694 3161 3090 3247 quinymmo
3138 3181 3369 3230 cassas
3416 3168 3476 3229 et

487 3265 701 3331 irritas
750 3266 1161 3332 nunciantes.
1255 3264 1435 3331 Nulli
1486 3283 1647 3349 ergo
1697 3267 1881 3350 etc.⁴)

618 3478 660 3545 l)
700 3477 872 3532 Idem:
912 3478 986 3531 V!

613 3565 657 3634 ἲ)
696 3570 944 3638 registra:
985 3567 1051 3622 V.

612 3655 656 3723 ³)
695 3671 919 3725 easque:
960 3655 1024 3709 V.

609 3744 659 3814 ⁴)
699 3747 824 3798 item
864 3747 980 3798 sine
1019 3744 1133 3798 die:
1174 3744 1239 3799 V.

1931 4029 2045 4108 18.

494 4154 630 4210 1335
667 4153 795 4209 Maii
839 4153 919 4210 18.

493 4242 629 4298 Cod.
668 4242 726 4299 B.
765 4242 858 4297 fol.
896 4243 967 4299 96
1003 4242 1058 4297 t0
1094 4242 1181 4298 97.

624 4457 1073 4536 Benedictus
1131 4460 1429 4537 revocat
1486 4458 1974 4536 commendas
2029 4458 2502 4538 ecclesiarum
2564 4462 2634 4538 et
2689 4465 3343 4543 monasteriorum.

954 4599 1403 4678 Benedictus
1460 4603 1593 4678 etc.
1710 4598 1833 4678 Ad
1890 4605 2325 4702 perpetuam
2388 4607 2484 4679 rei
2543 4608 3006 4682 memoriam.

701 4757 953 4844 Super
983 4777 1303 4844 gregem
1338 4759 1825 4826 dominicum
1863 4763 2087 4826 nostre
2124 4761 2477 4845 vigilancie
2514 4762 2834 4830 divinitus
2869 4765 3214 4845 creditum,
3251 4769 3480 4854 vigilis

492 4866 927 4953 speculatoris
961 4866 1279 4945 officium,
1315 4868 1512 4951 prout
1545 4867 1744 4933 nobis
1776 4867 2070 4952 desuper
2115 4868 2516 4948 conceditur,
2567 4874 2946 4937 exercentes
2995 4871 3078 4938 ad
3130 4874 3480 4941 universas

492 4974 673 5040 orbis
694 4972 1028 5051 ecclesiaS,
1046 4977 1180 5039 tarn
1209 4973 1538 5039 seculares
1560 4991 1759 5058 quam
1781 4973 1989 5040 eciam
2019 4974 2375 5059 regulareS,
2395 4976 2604 5041 aciem
2634 4978 2887 5043 interne
2904 4978 3479 5047 consideracionis

492 5079 912 5146 extendimus
939 5082 1001 5146 et
1018 5082 1349 5165 oportune
1370 5080 1778 5165 provisionis
1806 5080 2100 5147 remedia
2128 5083 2399 5166 paterne
2417 5080 2772 5166 diligencie
2792 5083 3031 5149 studiis
3050 5084 3476 5154 adhibemus,

493 5186 944 5253 Suadentibus
973 5186 1173 5271 igitur
1204 5186 1396 5252 certis
1431 5186 1949 5252 racionabilibus
1983 5188 2224 5267 causis,
2261 5187 2743 5255 cumfratribus
2774 5191 3079 5256 consulta
3112 5195 3175 5257 et
3211 5192 3478 5280 digesta

493 5293 982 5360 deliberacione
1018 5293 1380 5379 prehabita,
1415 5310 1654 5358 omnes
1687 5293 2122 5360 commendas
2157 5294 2240 5359 de
2277 5295 2627 5379 quibusvis
2661 5295 3150 5364 cathedralibus
3175 5301 3476 5368 ecclesiis
