3688 5825
1922 273 2005 331 26

475 476 1015 563 Apostolicorum
1066 480 1105 544 i.
1142 498 1197 545 e.
1250 479 1977 565 vicecancellarii,¹)
2026 482 2456 560 camerarii,
2507 483 3020 561 notariorum,
3071 481 3469 549 auditoris

475 585 1178 665 contradictarum,
1238 574 1792 665 correctorum,
1857 589 2339 672 scriptorum
2392 589 2863 656 Litterarum
2915 608 3000 656 ac
3047 591 3462 676 poeniten·

476 692 897 759 tiariorum
1001 693 1650 778 Apostolicorum
1745 697 1818 760 et
1921 696 2579 762 abbreviatorum
2683 694 2970 762 Curiae
3074 696 3469 769 Romanae

475 818 782 867 necnon
833 801 1433 886 capellanorum
1483 800 2134 886 Apostolicorum
2184 803 2842 870 commensalium
2893 807 2957 869 et
3015 804 3469 889 quorumlibet

475 909 754 973 aliorum
828 908 1083 973 ratione
1132 908 1332 973 officii
1384 908 1488 973 vel
1537 926 1614 972 ex
1678 927 1877 974 causa
1951 909 2249 994 legitima
2321 909 2387 974 in
2439 909 2742 983 Romana
2791 908 2989 977 Curia
3040 911 3465 988 morantium,

474 1015 529 1080 si
582 1016 646 1079 in
720 1015 1013 1099 negotiis
1062 1014 1302 1081 Curiae
1352 1014 1692 1087 Romanae
1751 1016 2244 1100 prosequendis
2316 1017 2662 1102 praemissi
2739 1017 2842 1083 vel
2917 1018 3288 1084 transmissi
3363 1018 3466 1084 vel

476 1126 544 1187 ut
610 1122 839 1206 Legati
889 1122 992 1187 vel
1038 1120 1270 1187 Nuntii
1321 1121 1597 1187 durante
1648 1121 1985 1207 legatione
2036 1142 2153 1189 seu
2199 1125 2670 1209 prosecutione
2705 1124 3004 1209 ipsorum
3039 1126 3462 1211 negotiorum

475 1229 548 1294 in
599 1229 720 1294 vel
771 1232 985 1295 extra
1035 1226 1353 1295 Curiam
1405 1228 1583 1294 diem
1633 1229 1951 1296 claudunt
2000 1233 2388 1296 extremum.

687 1353 865 1418 Idem
961 1354 1392 1419 constitutum
1510 1356 1644 1419 erat
1759 1353 1842 1419 de
1937 1354 2376 1439 dignitatibus
2468 1359 2531 1421 et
2624 1356 2967 1423 beneficiis
3061 1357 3459 1442 supradictis

472 1460 1067 1545 capellanorum
1162 1458 1810 1545 Apostolicorum
1905 1463 2590 1540 commensalium,
2688 1465 2802 1547 qui
2893 1467 3194 1549 tempore
3266 1467 3462 1530 datae

474 1568 921 1651 praesentium
972 1568 1344 1633 transmissi
1394 1567 1655 1632 fuerunt
1705 1568 2088 1653 ubicunque
2137 1573 2200 1634 et
2249 1572 2635 1635 moriuntur.

684 1691 973 1770 Accedit,
1046 1692 1229 1776 quod
1308 1692 1523 1777 „apud
1597 1691 1839 1758 Sedem
1891 1691 2386 1777 Apostolicam“
2464 1694 2879 1762 declarantur
2948 1713 3178 1761 vacare
3239 1695 3457 1773 sedes,

473 1800 873 1865 monasteria
925 1802 988 1864 et
1037 1800 1163 1864 alia
1212 1798 1539 1865 beneficia
1590 1799 1988 1884 supradicta,
2039 1819 2212 1884 quae
2275 1802 2593 1867 vivente
2658 1801 3067 1868 Clemente
3114 1802 3190 1867 V.
3242 1821 3458 1887 usque

472 1906 552 1972 ad
620 1907 766 1972 eius
828 1906 1085 1972 obitum
1137 1909 1533 1972 vacaverunt
1584 1907 1647 1971 in
1699 1905 1898 1973 Curia
1950 1909 2205 1991 absque
2265 1907 2688 1974 ordinatione
2746 1908 3061 1993 praedicti
3111 1909 3458 1976 pontificis

470 2017 532 2079 et
596 2015 691 2080 ab
755 2014 990 2079 initio
1057 2013 1589 2098 pontificatus
1650 2012 2051 2079 „Iohannis
2097 2013 2282 2080 XXII.
2336 2033 2550 2100 usque
2599 2015 2680 2080 ad
2732 2015 2951 2082 datam
3005 2017 3454 2101 praesentium

470 2121 709 2186 eodem
777 2120 981 2186 modo
1044 2123 1311 2193 vacant,
1384 2120 1753 2186 dummodo
1818 2121 1885 2186 in
1967 2121 2065 2187 eis
2144 2122 2247 2186 ius
2311 2122 2377 2186 in
2445 2140 2509 2187 re
2574 2122 2721 2187 licet
2784 2122 2865 2188 ad
2930 2140 3065 2187 rem
3137 2123 3299 2189 nulli
3372 2124 3458 2189 sit

472 2228 871 2312 quaesitum.

682 2353 749 2418 In
782 2354 917 2419 fine
953 2371 1108 2419 vero
1146 2352 1300 2418 dicti
1328 2352 1563 2437 capitis
1599 2371 1911 2438 expresse
1946 2354 2270 2431 statuitur,
2308 2354 2637 2438 praesenti
2665 2354 3140 2420 constitutione
3174 2354 3454 2421 decretis

470 2478 671 2545 super
718 2460 846 2526 hoc
893 2479 929 2525 a
979 2459 1308 2544 Gregorio
1356 2460 1432 2525 X.
1484 2479 1559 2526 ac
1606 2461 1943 2526 Bonifatio
1991 2460 2143 2525 VIII.
2196 2464 2259 2526 et
2315 2460 2462 2526 aliis
2527 2461 3219 2547 praedecessoribus2)
3277 2462 3453 2529 datis

469 2571 745 2634 eatenus
793 2569 1046 2633 tantum
1099 2567 1402 2652 derogari
1444 2571 1813 2653 „quatenus
1864 2567 2081 2634 edicto
2117 2572 2341 2633 essent
2375 2570 2438 2633 et
2473 2569 2982 2655 suntcontraria
3017 2572 3450 2636 memorato“.

467 2674 731 2740 Deinde
822 2674 1167 2741 ,Iohannes
1258 2674 1467 2753 XXII.,
1548 2675 1662 2760 qui
1743 2674 1895 2752 iam,
1977 2678 2046 2741 ut
2117 2693 2315 2759 supra
2393 2674 2554 2753 dixi,
2635 2674 2742 2740 die
2837 2674 2934 2741 15.
3016 2674 3195 2761 Sept.
3283 2676 3452 2742 1316

468 2784 878 2848 voluntatem
939 2801 1127 2848 suam
1178 2781 1261 2847 de
1324 2782 1738 2848 reservandis
1788 2782 2133 2848 beneficiis
2180 2783 2576 2848 vacantibus
2648 2801 2788 2868 per
2856 2783 3448 2849 assecutionem

467 2889 803 2956 alterius
852 2889 1160 2956 beneficii
1208 2890 1440 2974 vigore
1489 2890 1875 2956 Litterarum
1924 2889 2461 2975 Apostolicarum
2512 2890 2768 2956 obtenti
2820 2889 2884 2954 in
2944 2890 3204 2975 scriptis
3238 2889 3448 2976 redigi

470 2998 682 3076 iussit,
719 2998 827 3064 die
869 2998 967 3064 19.
996 2997 1166 3064 Νον.
1202 2998 1368 3064 1317
1403 3015 1519 3082 per
1545 2997 2044 3064 saluberrimam
2073 3000 2137 3062 et
2180 2998 2459 3062 multum
2505 2998 2848 3063 usutritam
2877 2996 3447 3076 constitutionem,

468 3123 639 3190 quae
726 3105 956 3190 incipit
1040 3104 1619 3181 „Execrabilis“
1653 3105 1707 3191 ³)
1780 3104 2222 3170 intentionem
2322 3123 2512 3170 suam
2608 3104 2974 3171 accuratius
3045 3104 3446 3188 explanavit.

472 3212 801 3297 Imprimis
831 3230 1070 3277 omnes
1103 3212 1646 3297 dispensationes
1673 3214 1805 3277 tam
1842 3230 1879 3276 a
1916 3211 2545 3296 praedecessoribus
2596 3211 2735 3276 suis
2771 3229 2972 3296 quam
3008 3229 3044 3275 a
3078 3210 3447 3295 semetipso

471 3320 676 3385 factas
717 3337 957 3404 „super
990 3320 1369 3404 receptione
1411 3322 1523 3385 aut
1558 3318 1927 3383 retentione
1965 3318 2252 3403 plurium
2303 3317 2726 3402 dignitatum,
2762 3320 3261 3402 personatuum,
3297 3317 3445 3383 offi-

468 3427 742 3505 ciorum,
815 3426 1222 3511 prioratuum
1304 3428 1416 3491 aut
1486 3425 1988 3502 beneficiorum,
2063 3425 2310 3509 quibus
2360 3442 2511 3491 cura
2561 3426 2928 3490 animarum
3002 3425 3087 3490 sit
3141 3432 3439 3490 annexa“

464 3533 950 3618 generaliter
1020 3533 1446 3609 revocavit,
1533 3531 1700 3597 duas
1749 3534 2005 3597 tantum
2056 3532 2488 3616 exceptiones
2537 3531 2894 3598 admittens
2973 3549 3061 3596 se.
3142 3535 3446 3615 respectu

468 3639 946 3706 beneficiorum
998 3637 1454 3706 Cardinalium
1506 3642 1569 3704 et
1637 3638 1921 3704 filiorum
1974 3656 2204 3723 regum
2257 3637 2700 3704 declaratione
2749 3655 2950 3723 super
2997 3638 3123 3704 hoc
3172 3637 3449 3723 insuper

463 3746 739 3813 adiecta.

672 3871 936 3938 Deinde
984 3870 1333 3950 ordinavit,
1384 3874 1455 3936 ut
1486 3889 1746 3950 omneS‚
1798 3871 1911 3956 qui
1945 3873 2103 3935 tunc
2134 3870 2455 3955 temporis
2490 3888 2570 3936 ex
2604 3870 3109 3955 dispensatione
3143 3869 3441 3953 legitima

461 3978 682 4064 plures
726 3978 1105 4064 dignitateS,
1158 3980 1574 4063 personatuS,
1617 3976 1837 4043 officia
1874 3979 1984 4042 aut
2028 3978 2355 4061 prioratus
2389 3995 2505 4043 seu
2543 3976 2867 4043 beneficia
2916 3975 3442 4061 incompatibilia

460 4086 875 4164 obtinebant,
968 4088 1346 4151 tenerentur
1439 4084 1649 4149 intra
1744 4102 2091 4149 mensem
2187 4103 2223 4149 a
2317 4086 2620 4169 tempore
2714 4083 2988 4148 notitiae
3071 4083 3442 4167 praesentis

459 4192 957 4259 constitutionis
1051 4194 1358 4276 acceptae
1458 4191 1539 4257 ad
1666 4189 2053 4274 eligendum
2151 4208 2385 4256 unum
2476 4191 2600 4255 vel
2681 4208 2906 4255 unam
3008 4192 3263 4255 tantum
3360 4207 3441 4254 ex

461 4299 923 4384 dignitatibus,
975 4299 1465 4384 personatibu5‚
1515 4297 1777 4375 officiis,
1828 4296 2249 4382 prioratibuS,
2301 4297 2601 4363 ecclesiis
2648 4297 2752 4362 vel
2788 4295 3154 4373 beneficiiS,
3189 4296 3440 4381 quibus

458 4424 637 4472 cura
686 4425 943 4473 annexa
993 4408 1129 4472 erat
1184 4405 1575 4483 animarum,
1623 4422 1774 4470 cum
1823 4403 2170 4488 dignitate,
2244 4406 2602 4488 personatu
2654 4404 2756 4469 vel
2805 4402 3050 4482 officio,
3122 4403 3438 4488 prioratu,

585 4618 626 4686 ¹)
666 4618 749 4673 Cf.
788 4619 954 4690 Tangi
993 4619 1027 4673 l.
1068 4635 1111 4673 c.
1152 4635 1202 4688 p.
1242 4618 1404 4673 XXIV
1442 4634 1523 4688 sq.

583 4707 628 4775 ²)
669 4707 806 4763 Cod.
847 4708 905 4762 B.
946 4711 999 4762 et
1037 4707 1100 4762 V.
1141 4709 1420 4762 nominant
1457 4709 1616 4761 etiam
1656 4706 1993 4761 Clementem
2032 4706 2116 4761 IV.

581 4796 625 4864 ⁸)
664 4812 708 4851 c.
749 4812 836 4852 un.
878 4797 947 4851 de
983 4797 1164 4867 praeb.
1202 4797 1252 4851 3.
1293 4799 1346 4850 in
1386 4796 1596 4851 Extrav.
1634 4795 1756 4850 Joh.
1796 4794 1949 4851 XXII.
1987 4819 2049 4841 =

668 4902 712 4940 c.
752 4887 800 4940 4.
842 4889 894 4941 in
935 4886 1145 4941 Extrav.
1185 4884 1396 4940 Comm.
1436 4885 1510 4940 111.
1550 4886 1599 4939 2.

667 4974 801 5030 Cod.
842 4975 901 5030 B.
941 4976 1061 5039 274,
1100 4974 1218 5029 275.

666 5062 803 5119 Cod.
844 5064 943 5124 V1.
984 5065 1062 5133 (ll.
1100 5063 1156 5118 F.
1195 5063 1280 5118 29.
1321 5062 1485 5131 Vrat.)
1533 5061 1624 5116 fol.
1662 5063 1784 5122 348.

668 5152 751 5207 De
789 5155 965 5208 causis
1004 5153 1179 5208 dictae
1215 5154 1612 5207 constitutionis
1651 5167 1760 5206 non
1799 5155 1917 5206 sine
1960 5154 2164 5206 iniuriis
2215 5154 2269 5206 et
2306 5153 2645 5206 contumeliis
2695 5155 2878 5205 contra
2927 5152 3228 5206 Iohannem
3279 5153 3430 5208 XXII.

454 5240 693 5310 disputat
748 5241 1045 5297 Hinschius
1085 5244 1116 5297 l.
1156 5257 1201 5296 c.
1240 5240 1314 5296 111.
1355 5258 1406 5311 p.
1452 5241 1566 5296 131.
1607 5240 1818 5296 Coulon
1861 5242 1892 5296 l.
1934 5257 1978 5296 c.
2035 5242 2138 5295 hoc
2195 5242 2355 5310 caput
2392 5257 2423 5294 e
2462 5240 2718 5309 Registris
2756 5239 3048 5295 pontificiis
3104 5241 3282 5296 adhuc
3321 5258 3427 5296 non

452 5331 763 5398 publicavit.
