3688 5825
1939 305 2021 364 52

487 510 615 576 alia
653 510 943 596 praefata
979 512 1305 578 beneficia
1332 513 1778 581 ecclesiastica
1805 529 1924 597 per
1949 514 2227 578 mortem
2267 511 2368 576 vel
2395 510 2890 596 depositionem
2927 527 3004 576 ac
3030 509 3475 595 privationem

488 634 738 696 eorum,
767 616 845 703 15)
896 618 1011 703 qui
1061 637 1140 684 ea
1188 620 1599 699 obtinerent,
1659 618 1872 706 perffi)
1923 617 2324 684 electionum
2397 616 2865 696 cassationem,
2939 616 3474 702 postulationum

488 723 963 808 repulsionem,
1001 726 1675 813 renuntiationem,¹⁷)
1712 724 2165 811 quorumlibet
2192 723 2762 810 provisionem,¹⁸)
2787 722 3291 790 translationem
3328 723 3474 790 sive

490 848 606 915 per
653 831 1153 897 successionem
1180 832 1259 919 19)
1309 834 1603 900 muneris
1651 832 2175 900 consecrationis
2224 835 2337 897 aut
2385 829 2884 898 benedictionis,
2933 829 3186 896 dudum
3221 849 3258 897 a
3291 829 3473 897 dicto

489 935 838 1003 Clemente
890 937 1403 1023 praedecessore
1447 943 1677 1007 nostro
1713 940 2040 1026 promotis
2075 939 2386 1024 impensi,
2436 938 2564 1003 nisi
2613 937 2696 1003 de
2746 938 2913 1023 ipsis
2931 938 3014 1023 ²0)
3064 937 3475 1024 disposuerit

487 1042 981 1128 praedecessor,
1040 1046 1204 1131 et21)
1254 1066 1290 1113 a
1340 1047 1539 1113 nobis
1599 1048 1739 1112 sive
1789 1046 2172 1112 auctoritate
2236 1047 2458 1111 nostra
2509 1043 2986 1130 promovendis
3035 1044 3470 1130 impendendi

486 1150 666 1235 apud
731 1150 960 1217 sedem
1026 1152 1240 1238 ipsam
1300 1153 1405 1218 vel
1454 1154 1652 1219 etiam
1704 1153 2088 1237 ubicunque
2138 1156 2250 1218 aut
2299 1152 2542 1236 quovis
2605 1151 2740 1217 alio
2791 1150 2995 1218 modo
3045 1151 3367 1217 canonice
3388 1153 3468 1232 ²²)

485 1276 714 1323 vacare
780 1259 955 1344 apud
1023 1260 1252 1325 sedem
1306 1261 1744 1346 intelligimus
1795 1260 2249 1346 praelibatam.
2346 1258 2783 1344 Episcopales
2833 1258 3106 1344 insuper
3152 1257 3256 1324 vel
3304 1258 3468 1325 alias

486 1364 870 1450 dignitateS,
950 1367 1392 1453 ecclesias,2³)
1495 1368 1901 1434 monasteria
1978 1370 2043 1432 et
2121 1367 2246 1432 alia
2328 1364 2661 1452 praedicta
2745 1364 3010 1431 fratrum
3087 1368 3467 1431 nostrorum

486 1475 754 1538 sanctae
840 1471 1180 1546 Romanae
1259 1475 1578 1541 ecclesiae
1638 1473 2073 1540 cardinalium
2153 1471 2333 1558 apud
2411 1472 2654 1537 dictam
2733 1471 2962 1538 sedem
3043 1489 3160 1557 per
3235 1489 3466 1537 eorum

484 1579 741 1644 obitum
791 1596 1022 1646 vacare
1070 1598 1445 1660 censemuS,
1519 1582 1658 1647 sive
1733 1581 1898 1647 inibi
1959 1580 2202 1665 sive24)
2252 1579 2408 1645 alibi
2482 1579 2864 1663 ubicunque
2936 1578 3123 1664 ipsos
3187 1579 3467 1662 migrare

482 1686 833 1770 contigerit
860 1687 941 1752 de
970 1687 1092 1753 hac
1119 1687 1284 1754 luce.
1381 1687 1461 1754 Et
1494 1688 1621 1754 hoc
1655 1687 1832 1753 idem
1870 1688 1936 1753 in
1981 1686 2418 1772 dignitatibus
2453 1688 2518 1751 et
2550 1685 2897 1752 beneficiis
2931 1685 3364 1769 quibuslibet,
3384 1685 3465 1770 25)

485 1790 577 1878 [ut
639 1792 722 1859 de
785 1794 932 1859 aliis
991 1795 1445 1879 praemittitur,
1467 1793 1571 1881 26)]
1637 1794 2023 1861 officialium
2074 1797 2475 1870 nostrorum,
2547 1792 2854 1859 videlicet
2922 1793 3463 1869 vicecancellarii,

482 1898 785 1965 eiusdem
894 1899 1211 1967 ecclesiae
1318 1902 1692 1980 camerarii,
1796 1902 2241 1979 notariorum,
2357 1898 2680 1966 auditoris
2772 1898 3463 1985 contradictarum,2⁷)

481 2009 944 2086 correctorum,
965 2006 1048 2093 ²8)
1098 2007 1490 2093 scriptorum
1525 2007 1879 2086 literarum,
1929 2025 2005 2074 ac
2039 2006 2697 2092 poenitentiariorum
2749 2008 3149 2085 nostrorum,
3198 2023 3463 2073 necnon

482 2112 1014 2179 abbreviatorum
1108 2114 1326 2180 curiae
1404 2113 1743 2188 Romanae
1838 2115 2058 2180 locum
2145 2113 2271 2180 sibi
2365 2112 2678 2179 volumus
2762 2111 3116 2179 vindicare.
3213 2111 3463 2186 Rursus

482 2218 681 2284 huius
701 2219 783 2301 29)
863 2223 1130 2286 nostrae
1231 2220 1698 2287 reservationis
1777 2220 2066 2286 edictum
2147 2219 2230 2287 ad
2309 2219 2669 2303 dignitates
2748 2223 2812 2285 et
2889 2219 3014 2285 alia
3087 2220 3215 2286 iam
3291 2218 3464 2285 dicta

480 2325 977 2411 capellanorum
1057 2331 1435 2394 nostrorum
1516 2328 2073 2394 commensalium
2146 2330 2210 2392 et
2294 2325 2746 2411 quorumlibet
2824 2325 3125 2403 aliorum,
3206 2326 3463 2392 ratione

481 2431 686 2498 officii
707 2433 794 2518 30)
844 2433 947 2499 vel
998 2452 1077 2500 ex
1124 2452 1325 2501 causa
1374 2433 1671 2520 legitima
1721 2435 1787 2500 in
1824 2433 1998 2501 dicta
2031 2434 2209 2501 curia
2242 2433 2666 2512 morantium,
2718 2431 2988 2518 quando
3023 2450 3060 2498 a
3091 2433 3292 2499 nobis
3345 2452 3463 2519 pro

482 2540 728 2606 nostris
800 2543 863 2606 et
935 2540 1237 2607 eiusdem
1298 2541 1480 2608 sedis
1552 2542 1844 2627 negotiis
1917 2539 2409 2627 prosequendis
2479 2539 2562 2605 de
2634 2539 2781 2625 ipsa
2828 2540 3007 2605 curia
3055 2558 3462 2626 quocunque

482 2646 686 2713 modo
757 2648 1106 2734 praemissi
1155 2648 1259 2714 vel
1308 2647 1513 2733 aliqui
1563 2667 1793 2715 eorum
1850 2649 2227 2715 transmissi
2277 2647 2491 2732 aut31)
2540 2647 2739 2733 legati
2789 2646 2893 2712 vel
2950 2647 3164 2712 nuntii
3221 2646 3465 2713 fuerint

482 2756 545 2820 et
625 2772 744 2820 eos
822 2755 1102 2821 ubilibet
1173 2754 1429 2841 ante-⁹22)
1510 2756 1809 2841 ipsorum
1883 2755 1966 2822 ad
2039 2754 2400 2841 praefatam
2481 2754 2727 2820 curiam
2800 2753 3082 2819 reditum
3155 2751 3463 2838 (durante

480 2859 818 2947 legatione
890 2879 1008 2928 seu
1080 2863 1550 2948 prosecutione
1600 2863 1902 2949 ipsorum
1952 2861 2406 2948 negotiorum)
2480 2861 2677 2928 rebus
2726 2860 2926 2927 eximi
2976 2860 3330 2947 contigerit
3378 2862 3461 2928 ab

480 2968 812 3048 humanis,
885 2968 1200 3035 duximus
1271 2970 1789 3037 extendendum.
1886 2970 1968 3036 Et
2029 2969 2095 3035 id
2167 2970 2388 3055 ipsum
2461 2969 2657 3035 etiam
2730 2986 2879 3035 esse
2926 2967 3240 3035 volumus
3290 2969 3460 3052 in33)

480 3074 865 3141 huiusmodi
960 3075 1322 3161 capellanis
1415 3076 2088 3163 commensalibus—³⁴)
2181 3076 2464 3154 etiamsi,
2557 3077 2628 3141 ut
2720 3075 3175 3160 praemittitur,
3286 3093 3463 3142 nunc

479 3181 851 3247 transmissi
923 3182 1165 3248 fuerint
1214 3183 1597 3268 ubicunque
1659 3186 1722 3249 et
1772 3184 1960 3268 ipsos
2031 3185 2228 3249 rebus
2287 3183 2485 3248 eximi
2557 3182 2908 3267 contigerit
2970 3184 3053 3248 ab
3125 3182 3457 3249 humanis.

480 3284 791 3353 Ceterum
862 3289 1150 3355 edictum
1203 3290 1422 3375 ipsum
1496 3289 1818 3356 trahimus
1881 3289 1964 3356 ad
2015 3289 2232 3369 sedeS,
2284 3289 2706 3367 monasteria,
2771 3292 2835 3355 et
2882 3288 3009 3355 alia
3058 3289 3457 3374 supradicta,

587 3463 657 3532 1⁶)
697 3465 925 3530 illorum,
966 3468 1057 3533 qui
1097 3480 1159 3520 ea
1197 3466 1469 3522 obtinent:
1509 3467 1574 3523 V.

586 3554 659 3622 1ὃ)
699 3554 875 3608 deest:
917 3553 976 3608 B.

586 3643 656 3712 1⁷)
696 3645 1183 3698 renuntiacionum:
1224 3643 1286 3714 (Ξ)
1325 3644 1383 3698 Β.

585 3732 655 3799 ¹8)
696 3732 1061 3802 quorumlibet
1098 3734 1527 3800 translacionem,
1567 3737 1962 3804 provisionem:
2004 3734 2062 3788 B.

585 3820 653 3890 ¹⁹)
693 3823 1222 3890 susceptionem:
1262 3822 1331 3886 Β;
1372 3823 1435 3877 V.

583 3909 655 3980 ²⁰)
693 3912 794 3965 nisi
835 3911 904 3964 de
941 3913 1075 3980 ipsis
1114 3912 1244 3965 alias
1285 3912 1428 3966 idem
1467 3914 1795 3983 disposuerit
1832 3915 2214 3984 predecessor:
2256 3914 2305 3967 V

583 3998 653 4068 ⁹1)
693 4015 754 4053 ea
794 3998 856 4069 (l)
897 4000 960 4053 V.

583 4088 654 4158 ²²)
693 4089 860 4143 modo
898 4091 1182 4144 canonico:
1225 4088 1283 4159 (l)
1322 4090 1391 4160 B;
1431 4092 1495 4145 V.

581 4176 655 4245 ²³)
694 4177 1230 4233 ecclesiasticas:
1270 4178 1338 4243 B;
1379 4179 1444 4233 V.

581 4265 653 4332 ²4)
691 4266 820 4319 inibi
858 4267 951 4320 aut
986 4266 1139 4320 alibi:
1179 4266 1239 4321 B.

581 4353 655 4423 ⁹⁵)
694 4355 1133 4423 quibuscunque:
1174 4355 1238 4410 V.

581 4442 652 4512 ²6)
692 4458 762 4496 ac
802 4443 880 4496 de
919 4443 1099 4508 aliis,
1140 4447 1206 4498 ut
1245 4446 1675 4513 premittitur,
1715 4445 2050 4501 officialium:
2090 4446 2159 4510 13;
2200 4447 2262 4501 V.

580 4531 651 4602 27)
690 4531 1010 4586 Auditorum
1068 4533 1511 4588 contradictarum
1551 4535 1982 4589 abbreviatorum
2021 4539 2164 4590 curie
2209 4536 2446 4595 Romane
2485 4536 2708 4606 (reliqua
2746 4536 2910 4591 verba
2950 4539 3002 4590 in
3047 4537 3232 4591 medio
3282 4540 3453 4607 posita

475 4620 720 4691 desunt):
763 4620 826 4674 V.

578 4707 659 4774 28)
697 4711 1009 4764 correctoris
1049 4752 1060 4763 .
1103 4754 1113 4765 .
1157 4753 1168 4765 .
1210 4712 1264 4764 et
1302 4715 1681 4780 penitenciarie
1719 4716 2048 4767 nostrorum:
2090 4714 2147 4768 B.

581 4797 651 4868 ²⁹)
692 4799 1078 4852 huiusmodi
1119 4802 1302 4853 nostre
1342 4804 1725 4855 reservacionis
1765 4804 1816 4855 in
1859 4802 2000 4856 dicta
2039 4805 2179 4856 curia
2208 4803 2452 4874 quando:
2492 4803 2550 4858 B.
2594 4805 2782 4869 (multa
2823 4804 2984 4857 verba
3025 4807 3152 4858 sunt
3191 4805 3297 4859 hoc
3336 4806 3449 4859 loco

477 4888 719 4953 omissa).

578 4973 649 5043 ⁸⁰)
686 4978 899 5030 racione
937 4973 1100 5030 officii
1140 4975 1288 5029 sedis
1327 4979 1571 5047 negociis
1610 4979 2006 5047 prosequendis
2046 4980 2114 5033 de
2153 4983 2268 5048 ipsa
2306 4983 2447 5035 curia
2487 4983 2564 5034 et:
2594 4980 2659 5033 V.
2701 4978 2922 5046 (desunt
2948 4982 3112 5035 verba
3141 4984 3444 5051 permulta).

577 5062 646 5135 81)
685 5065 792 5118 vel
833 5065 995 5135 legati
1035 5066 1124 5118 vel
1162 5067 1340 5119 nuncii
1381 5064 1575 5119 fuerint
1613 5083 1673 5120 ac
1712 5082 1807 5120 eos
1846 5067 2100 5122 ubilibet:
2141 5068 2210 5130 B;
2251 5069 2313 5123 V.

579 5152 655 5220 θ’)
693 5156 817 5207 ante
854 5155 1094 5222 ipsorum
1133 5157 1483 5225 negociorum
1522 5155 1682 5209 rebus
1721 5158 1905 5209 eximi:
1945 5156 2009 5211 V.
2049 5158 2236 5225 (muita
2277 5159 2438 5213 verba
2479 5159 2717 5228 desunt).

577 5241 651 5311 ³³)
690 5243 796 5297 de:
838 5241 898 5297 B.

577 5330 648 5402 ³⁴)
690 5331 867 5385 deest:
909 5330 974 5386 V.
