3688 5825
1636 318 1715 375 67

180 519 489 587 ecclesiis
596 538 864 606 preesse
969 524 1248 606 possent
1354 523 1597 589 utiliter
1704 526 1768 589 et
1871 523 2233 608 prodesse,
2327 523 2454 589 hiis
2532 526 2596 589 et
2671 522 2818 589 aliis
2908 523 3101 589 certis
3119 523 3173 609 ²)

179 626 873 706 consideracionibuS,
923 645 1055 712 que
1103 628 1187 694 ad
1234 628 1301 694 id
1347 632 1650 696 nostrum
1700 629 1998 695 animum
2049 628 2469 717 induxerunt,
2503 647 2742 695 omnes
2777 632 2841 695 et
2874 629 3175 714 singulas

178 733 616 812 cathedrales,
666 734 1042 801 abbaciales
1090 737 1156 801 et
1202 734 1365 801 alias
1385 735 1441 821 3)
1488 735 1880 820 collegiatas
1927 735 2261 814 ecclesias,
2312 736 2641 802 seculares
2690 738 2755 801 et
2814 735 3174 821 regulareS,

177 843 531 925 exemptas
600 843 667 908 et
736 859 874 906 non
924 844 1290 925 exemptas,
1364 843 1432 908 in
1478 842 1759 921 civitate,
1833 842 2089 909 diocesi
2166 844 2230 907 et
2288 842 2627 927 provincia
2700 841 3174 929 Aquilegen.⁴)

176 946 654 1025 consistentes,
726 949 1149 1032 preterquam
1213 950 1607 1016 monialium
1692 952 1756 1016 et
1832 948 2109 1016 aliarum
2184 948 2640 1033 religiosarum
2725 949 3174 1034 mulierum‚⁶)

178 1053 628 1138 disposicioni
708 1056 932 1121 nostre
1010 1057 1075 1121 et
1165 1055 1346 1122 sedis
1426 1057 1731 1123 eiusdem
1811 1055 2126 1122 duximus
2196 1055 2478 1122 diversis
2569 1055 2988 1140 temporibus
3061 1074 3178 1142 per

178 1163 448 1227 nostras
498 1160 653 1227 inde
700 1160 1037 1228 coniectas
1085 1161 1331 1229 litteras
1402 1163 1785 1230 auctoritate
1848 1162 2217 1248 apostolica
2289 1162 2743 1240 reservandaS‚
2815 1162 3174 1229 districtius

179 1266 569 1333 inhibentes
638 1268 957 1335 omnibus
1003 1271 1069 1334 et
1117 1269 1424 1354 singulis,
1504 1269 1587 1335 ad
1660 1288 1833 1354 quos
1897 1269 2155 1348 electi0,
2227 1269 2545 1354 provisio,
2608 1268 2984 1354 postulacio
3055 1287 3173 1336 seu

180 1373 421 1457 quevis
502 1374 628 1439 alia
719 1373 1088 1459 disposicio
1178 1376 1539 1442 earundem
1619 1376 2119 1461 ecclesiarumss)
2198 1375 2364 1442 alias
2441 1376 2848 1459 pertinebat,
2927 1394 3012 1442 ne
3089 1375 3172 1441 ad

180 1479 665 1564 provisionem,
743 1480 1164 1561 electionem,
1257 1482 1790 1567 postulacionem
1872 1484 1977 1549 vel
2057 1484 2252 1549 aliam
2359 1482 2784 1548 ecclesiarum
2880 1482 3171 1567 ipsarum

178 1585 737 1670 disposicionem,
800 1605 949 1653 cum
1002 1605 1116 1654 eas
1165 1588 1269 1655 vel
1339 1607 1562 1655 earum
1636 1589 1929 1674 aliquam
1979 1608 2208 1656 vacare
2256 1588 2691 1673 contingeret,
2743 1589 3175 1673 procederent

180 1692 641 1777 quovismodo
676 1711 751 1759 ac
785 1693 1218 1762 decernentes
1252 1697 1492 1762 extunc
1526 1695 1772 1761 irritum
1809 1698 1875 1762 et
1908 1697 2125 1775 inane,
2161 1696 2216 1762 si
2253 1712 2448 1762 secus
2471 1694 2521 1780 7)
2558 1712 2676 1780 per
2708 1713 3174 1780 quoscumque

180 1817 387 1884 super
449 1798 579 1865 hiis
641 1800 878 1884 quavis
942 1802 1325 1868 auctoritate
1389 1803 1675 1870 scienter
1720 1803 1822 1869 vel
1888 1803 2272 1888 ignoranter
2316 1801 2732 1886 contingeret
2778 1802 3173 1887 attemptari.

400 1923 597 2003 Sane,
667 1943 819 1991 cum
890 1925 1120 1991 ultime
1192 1928 1669 1994 reservacionis
1743 1946 1860 2013 per
1906 1946 2033 1994 nos
2084 1926 2270 2005 lacte,
2329 1929 2400 1992 ut
2460 1925 2797 2011 prefertur,
2849 1926 2932 1993 de
2981 1926 3175 1992 dictis

181 2030 490 2097 ecclesiis
537 2031 930 2117 terminusss)
1002 2032 1084 2098 sit
1133 2033 1198 2098 in
1249 2032 1349 2103 Kl.
1403 2034 1653 2111 mensis
1701 2033 1948 2119 Aprilis
1996 2033 2194 2099 futuri
2245 2033 2622 2119 proximo9)
2693 2033 3173 2111 terminandus,

182 2156 334 2216 nos,
362 2137 582 2204 adhuc
597 2137 852 2204 eisdem
882 2138 1044 2204 moti
1062 2140 1721 2207 consideracionibus
1741 2142 1803 2206 et
1828 2139 2100 2218 inducti,
2129 2140 2675 2218 reservacionem,
2694 2139 3172 2207 inhibicionem

182 2246 248 2309 et
278 2244 622 2310 decretum
664 2245 956 2330 predicta
989 2264 1205 2331 usque
1242 2246 1325 2312 ad
1367 2246 1712 2313 biennium
1755 2248 1840 2313 ab
1884 2245 2139 2312 eisdem
2175 2245 2276 2316 Kl.
2312 2246 2378 2311 in
2414 2249 2606 2312 antea
2646 2246 3172 2331 computandum

183 2351 573 2416 auctoritate
644 2350 934 2436 predicta
1005 2356 1235 2419 tenore
1305 2354 1746 2438 presencium,
1820 2352 2025 2419 modo
2089 2356 2152 2417 et
2199 2352 2411 2418 iorma
2459 2353 2793 2437 expressis
2843 2352 3172 2438 superiuS,

182 2457 612 2524 extendimus
659 2476 736 2524 ac
784 2458 993 2524 eciam
1043 2477 1504 2544 prorogamus.
1598 2458 1780 2525 Nulli
1828 2477 1991 2544 ergo
2040 2461 2160 2525 etc.

402 2582 649 2648 Datum
698 2580 1028 2649 Avinione
1075 2583 1177 2649 VI.
1228 2584 1355 2650 kal.
1403 2582 1648 2669 Aprilis
1697 2602 1755 2649 a.
1806 2584 2043 2668 quinto
2101 2583 2385 2650 decimo.

395 2706 464 2771 In
514 2705 756 2772 eodem
809 2708 1013 2775 modo
1063 2710 1130 2774 in
1178 2708 1461 2787 civitate,
1511 2707 1763 2774 diocesi
1812 2725 1890 2774 ac
1937 2707 2278 2793 provincia
2321 2708 2605 2774 Januen.

2320 2814 2776 2880 Mediolanen.

2325 2921 2688 2995 Ravennat.

2325 3026 2615 3094 Graden.

2321 3133 2541 3199 pisan.

310 3366 354 3434 1)
393 3364 573 3419 deest:
614 3364 683 3430 B;
724 3365 788 3418 V.

313 3453 359 3522 ¹)
398 3454 929 3508 consideracionibus
967 3456 1148 3508 certis:
1189 3453 1258 3517 B;
1297 3454 1362 3507 V.

313 3542 358 3611 ¹)
398 3543 533 3597 alias
569 3557 947 3612 quascunque:
987 3541 1056 3606 B;
1095 3542 1160 3595 V.

312 3632 358 3698 ⁴)
398 3632 772 3686 Mediolanen:
813 3630 880 3694 B;
925 3631 989 3685 V.

312 3720 359 3790 ⁵)
398 3721 678 3775 mulierum
720 3721 1002 3774 ecclesias:
1044 3719 1113 3785 B:
1152 3720 1217 3774 V.

315 3810 359 3878 ⁶)
399 3810 743 3864 ecclesiarum
784 3851 796 3863 .
836 3851 848 3863 .
890 3851 901 3862 .
942 3809 1388 3878 disposicionem:
1430 3808 1505 3872 V;
1545 3838 1608 3847 —
1650 3812 1830 3864 omnia
1869 3808 2032 3863 verba
2072 3811 2126 3862 in
2166 3810 2346 3863 medio
2384 3811 2557 3878 posita
2598 3810 2816 3864 desunt.

315 3898 364 3968 ⁷)
404 3913 568 3969 super
603 3898 731 3952 hiis:
772 3897 831 3952 B.

315 3985 359 4054 ⁸)
400 3987 580 4041 deest:
619 3987 685 4042 V.

314 4074 358 4143 ⁹)
397 4074 481 4133 Kl.
519 4075 721 4145 Aprilis
760 4077 965 4130 mensis
1002 4074 1160 4130 futuri
1200 4077 1426 4144 proximi
1465 4075 1839 4129 terminandis:
1882 4074 1939 4129 B.

1620 4378 1736 4456 14.

196 4503 331 4562 1333
368 4504 544 4561 Martii
582 4503 667 4562 28.

193 4595 329 4652 Cod.
369 4595 429 4650 B.
467 4594 557 4650 iol.
597 4595 667 4649 76
703 4592 776 4649 n⁰
812 4591 897 4648 75.

193 4775 647 4879 Prorogacio
708 4777 1307 4852 reservacionum
1366 4771 1719 4852 factarum
1786 4774 1859 4850 in
1928 4774 2238 4863 civitate,
2308 4772 2586 4851 diocesi
2646 4777 2717 4851 et
2783 4776 3169 4874 provincia

379 4915 709 4996 Graden.
771 4939 972 4994 anno
1031 4916 1327 4993 decimo
1385 4918 1709 5016 septimo
1767 4915 2053 4993 domini
2110 4913 2477 4992 Johannis
2532 4938 2728 5016 pape
2783 4914 2988 4993 XXll.

749 5075 1137 5154 Johannes
1194 5078 1329 5153 etc,
1444 5073 1564 5153 Ad
1622 5076 1940 5153 futuram
2003 5079 2101 5152 rei
2161 5079 2624 5153 memoriam.

402 5218 646 5285 Circa
737 5219 1048 5283 statum
1145 5218 1521 5302 parcium
1616 5216 1793 5283 Italie
1873 5215 2223 5281 salubriter
2311 5218 2574 5281 auctore
2650 5215 2930 5282 domino
3016 5216 3169 5282 diri-

201 5325 496 5411 gendum
546 5326 667 5391 ete.
718 5375 731 5388 .
785 5374 799 5387 .
854 5375 867 5388 .
917 5325 1290 5410 attemptari
1342 5323 1452 5408 (ut
1497 5326 1567 5392 in
1614 5322 1883 5389 decreto
1918 5339 2051 5406 pro
2088 5323 2456 5405 provincia
2486 5319 2883 5405 Aquilegen.
2924 5343 2996 5408 p.
3032 5322 3167 5407 65).
