3688 5825
1648 301 1730 359 69

187 507 680 574 inhibicionem
754 510 1017 573 nostras
1066 526 1102 572 a
1163 505 1475 591 predictis
1550 508 1879 592 capitulis,
1958 507 2284 592 collegiiS,
2361 509 2806 575 conventibus
2884 527 2959 575 ac
3035 509 3182 576 aliis

190 615 718 700 quibuscunque
790 615 1099 699 personis
1168 614 1405 698 quavis
1475 615 1861 681 auctoritate
1933 616 2218 681 scienter
2285 614 2390 681 vel
2440 615 2824 700 ignoranter
2877 616 3185 683 existeret

195 725 689 808 attemptatum.
786 721 1002 788 Certis
1059 723 1259 807 igitur
1305 721 1822 788 racionabilibus
1896 722 2115 788 causis
2180 724 2245 788 et
2308 722 2971 789 consideracionibus
3021 723 3183 790 moti

194 830 442 914 pariter
488 832 553 895 et
603 828 874 907 inducti,
932 829 1481 906 reservacionem,
1531 828 2014 896 inhibicionem
2063 831 2129 895 et
2185 828 2520 896 decretum
2571 832 2636 895 et
2691 830 3182 914 beneplacitum

194 936 580 1020 supradicta
629 953 843 1020 usque
902 936 985 1001 ad
1046 935 1219 1002 duos
1291 953 1508 1003 annos
1579 954 1616 1001 a
1688 935 1789 1007 ΚΙ.
1872 935 2125 1002 mensis
2186 935 2482 1002 Januarii
2546 955 2725 1003 nunc
2784 937 3184 1003 instantibus

192 1042 694 1126 computandos
722 1042 1067 1108 dumtaxat
1093 1042 1404 1109 volumus
1441 1042 1814 1128 perdurare,
1850 1042 1978 1108 nisi
2016 1043 2124 1108 illa
2157 1043 2304 1109 aliis
2340 1043 2857 1110 racionabilibus
2888 1042 3186 1130 [caust'sl

193 1149 423 1215 forsan
502 1148 773 1227 inducti,
854 1148 1358 1233 provideremus
1436 1150 1502 1214 in
1581 1153 1849 1234 tempus
1923 1149 2212 1234 amplius
2291 1150 2736 1235 proroganda.
2830 1149 3184 1217 Voluimus

195 1256 477 1341 insuper
507 1258 572 1322 et
604 1255 1039 1334 decrevimuS,
1084 1256 1632 1333 reservacionem,
1670 1256 2173 1335 inhibicionem,
2223 1256 2558 1323 decretum
2593 1259 2659 1323 et
2692 1257 3182 1341 beneplacitum

194 1363 579 1448 supradicta
627 1362 710 1428 ad
761 1364 1152 1429 monialium
1196 1365 1262 1429 et
1290 1364 1571 1430 aliorum
1608 1363 2068 1449 religiosarum
2104 1363 2455 1430 mulierum
2490 1363 2805 1431 ecclesias
2839 1368 3184 1450 exemptas

193 1473 261 1536 et
308 1488 449 1536 non
499 1474 844 1554 exemptas
893 1471 1315 1555 aliquatenus
1362 1489 1500 1536 non
1550 1470 1837 1537 extendi.
1930 1470 2112 1537 Nulli
2161 1489 2322 1557 ergo
2371 1473 2490 1537 etc.
3120 1548 3123 1551 ,

414 1577 658 1643 Datum
695 1576 1027 1644 Avinione
1060 1578 1121 1643 2.
1157 1579 1285 1645 kal.
1317 1578 1659 1644 Jannuarii
1710 1577 2200 1665 pontificatus4)
2249 1579 2455 1645 nostri
2505 1597 2562 1644 a.
2614 1582 2848 1663 quarto
2898 1579 3181 1646 decimo,

326 1807 369 1877 l)
410 1823 441 1861 a
480 1808 660 1862 verbis
723 1808 819 1872 ‚ad
878 1810 1104 1863 statum·
1168 1824 1342 1878 usque
1403 1809 1838 1878 „attemptatum·
1901 1811 2156 1880 repetitur
2192 1809 2337 1863 bulla
2383 1810 2726 1873 „imminente
2764 1809 2953 1864 nobis·
2995 1809 3182 1881 Magn.

196 1895 336 1950 Bull.
376 1896 530 1957 Rom.
570 1897 655 1962 IV,
695 1897 814 1952 287.

321 1984 372 2053 2)
410 1986 641 2055 aliquid:
683 1986 748 2039 V.

320 2074 365 2141 ³)
407 2077 722 2145 quicquam:
764 2075 827 2129 V.

318 2163 370 2233 ⁴)
412 2164 591 2221 deest:
631 2164 696 2218 V.

1637 2340 1753 2419 16.

199 2463 336 2518 1336
374 2463 529 2517 Febr.
568 2463 618 2518 3.

197 2553 326 2623 Reg.
367 2552 545 2606 Aven.
585 2551 789 2606 Bened.
831 2552 940 2607 Xll.
982 2555 1016 2607 t.
1056 2554 1105 2608 2.
1144 2553 1235 2608 fol.
1275 2554 1396 2609 381.

1088 2695 1213 2776 Ad
1268 2699 1590 2777 futuram
1651 2704 1748 2778 rei
1808 2705 2272 2780 memoriam.

414 2840 972 2906 Intendentes
1022 2839 1393 2906 ecclesie
1426 2840 2164 2923 Wratislauiensi,
2216 2862 2347 2929 que
2383 2844 2546 2910 inira
2585 2863 2864 2932 regnum
2901 2847 3182 2916 Polonie

198 2946 503 3020 Romane
576 2947 854 3014 ecclesie
923 2948 1237 3014 censuale
1314 2949 1636 3028 consistit,
1717 2968 1917 3034 quam
1981 2950 2268 3034 primum
2334 2953 2545 3037 ipsam
2611 2953 2883 3021 Pastore
2953 2975 3184 3024 vacare

193 3055 568 3139 contigerit,
641 3073 759 3140 per
826 3054 1194 3140 apostolice
1273 3054 1468 3121 Sedis
1546 3056 2045 3140 providenciam
2126 3058 2209 3123 de
2273 3076 2561 3143 persona
2623 3061 2992 3128 secundum
3070 3082 3187 3130 cor

200 3164 507 3228 nostrum
586 3161 854 3247 ydonea
931 3161 1286 3247 provideri,
1358 3163 1816 3247 provisionem
1867 3164 2170 3230 eiusdem
2239 3166 2516 3232 ecclesie
2586 3185 2667 3233 ex
2714 3169 2905 3236 certis
2965 3172 3184 3238 causis

199 3267 742 3348 racionabilibus,
807 3287 938 3353 que
1001 3268 1082 3334 ad
1136 3268 1201 3334 id
1268 3272 1566 3336 nostrum
1632 3270 1930 3336 animum
2006 3271 2379 3338 induxerint
2405 3274 2577 3360 (sic),
2631 3274 3073 3361 disposicioni
3121 3281 3185 3344 et

196 3376 617 3442 ordinacioni
710 3378 932 3441 nostre
1005 3376 1126 3441 hac
1196 3376 1337 3442 vice
1416 3377 1793 3461 specialiter
1870 3395 2303 3457 reservamuS,
2378 3379 2756 3448 inhibentes
2827 3381 3183 3451 districtius

195 3483 456 3548 dilectis
527 3481 683 3548 liliis
753 3482 1044 3567 capitulo
1117 3482 1418 3549 eiusdem
1468 3483 1747 3550 ecclesie
1795 3487 1860 3549 et
1910 3485 2260 3569 quibusvis
2318 3486 2486 3566 aliis,
2560 3506 2734 3572 quos
2792 3490 3181 3556 huiusmodi

194 3589 409 3674 tangit
442 3591 823 3674 negocium,
859 3608 942 3654 ne
978 3588 1062 3654 ad
1094 3589 1386 3675 aliquam
1422 3591 1815 3657 electionem
1852 3609 1970 3658 seu
2008 3591 2540 3677 postulacionem
2577 3598 2688 3661 aut
2722 3597 3180 3680 provisionem

196 3697 278 3762 de
352 3696 764 3781 preficiendo
836 3696 1057 3762 eidem
1131 3697 1409 3763 ecclesie
1489 3697 1830 3783 Episcopo
1924 3699 2029 3764 vel
2123 3698 2393 3766 Pastore
2464 3719 2542 3767 ea
2611 3702 2753 3768 vice
2824 3704 3182 3787 procedere

198 3802 697 3888 quoquomodo
747 3807 1134 3887 presumant
1207 3822 1281 3870 ac
1328 3803 1760 3871 decernentes
1808 3823 1890 3871 ex
1939 3825 2116 3873 nunc
2186 3805 2544 3873 irritum‘et
2602 3809 2820 3884 inane,
2882 3812 2937 3876 si
2987 3829 3182 3898 secus

198 3929 401 3996 super
463 3909 592 3976 hiis
641 3928 678 3975 a
727 3928 1072 3994 quoquam
1138 3911 1374 3994 quavis
1437 3912 1820 3978 auctoritate
1883 3913 2166 3979 scienter
2225 3915 2329 3980 vel
2393 3915 2775 3999 ignoranter
2832 3918 3182 4002 contigerit

197 4017 592 4102 attemptari.
685 4016 866 4083 Nulli
917 4035 1079 4102 ergo
1128 4020 1248 4082 ete.

409 4124 656 4190 Datum
705 4123 1039 4189 Avinione
1089 4123 1180 4189 111.
1231 4142 1388 4190 non.
1440 4124 1777 4191 Februarii
1827 4144 1885 4191 a.
1936 4126 2254 4194 secundo.

1641 4447 1757 4524 17.

195 4570 331 4626 1335
368 4600 441 4609 —-
480 4611 493 4623 .

192 4659 330 4714 Cod.
371 4659 431 4713 B.
472 4657 565 4712 fol.
606 4657 831 4713 80—81.

193 4803 658 4892 Declaracio‚
723 4804 933 4904 quod
993 4808 1543 4882 reservaciones
1581 4828 1715 4906 per
1770 4806 2165 4884 dominum
2205 4806 2629 4887 Johannem
2680 4832 2952 4910 papam
2992 4810 3179 4888 facte

1222 4952 1377 5007 non
1432 4930 1729 5008 fuerunt
1787 4934 2151 5009 revocate.

727 5068 1175 5149 Benedictus
1233 5075 1366 5149 etc.
1480 5069 1603 5150 Ad
1659 5073 1978 5151 futuram
2041 5078 2139 5152 rei
2199 5080 2662 5154 memoriam.

408 5210 720 5277 Dudum
805 5210 1067 5277 felicis
1140 5213 1736 5280 recordacionis
1805 5215 2153 5281 Johannes
2225 5235 2400 5302 papa
2475 5217 2662 5283 XXII.
2744 5219 3179 5304 predecessor

201 5321 424 5385 noster
499 5317 858 5383 nonnullas
939 5319 1282 5396 ecclesiaS,
1362 5320 1797 5398 cathedraleS,
1878 5322 2264 5406 dignitateS,
2337 5327 2736 5409 personatus
2817 5329 2878 5392 et
2957 5325 3176 5391 officia
